3692 4534
708 164 858 236 DE
900 162 1298 233 MOTIB·
1344 165 1618 261 NAT.
1661 155 1709 233 >a
1757 172 2109 243 Gravitase
2133 170 2370 244 Fastis.
2498 120 2503 129 Ι
2604 196 2689 268 93
2828 210 2833 215 -

395 285 597 389 igitur
621 283 888 360 fitcausa
918 282 1109 375 hujus
1123 286 1447 362 vinculi&
1473 289 1822 363 tenacitatis
1831 294 2112 390 partium
2126 289 2681 393 homogeneamm
2711 297 2859 350 car.
2898 301 2982 353 iv.

398 384 686 480 ejusdem
715 384 942 467 fluidi,
986 385 1087 456 vel
1107 384 1261 480 quia
1282 387 1360 456 ab
1375 386 1592 482 aliquo
1618 389 1905 488 glutine,
1948 391 2059 468 seit
2080 389 2434 465 viscofitate
2459 393 2683 465 unian-
2728 404 2983 480 rqfitivan

397 506 539 570 tur,
583 503 693 555 aut
734 484 816 556 ab
843 484 1054 577 aliqua
1079 485 1194 554 alia
1209 483 1386 557 causa
1413 506 1618 581 partes
1652 483 1941 576 ejusdem
1970 486 2163 562 fluidi
2186 491 2250 563 se
2278 491 2518 564 mutuo
2543 513 2678 565 am-
2700 466 2850 584 ξζξξ
2903 486 2954 522 ‘⁸

390 580 742 684 plexentut'
763 630 788 664 ‚
833 588 902 655 &
928 582 1423 667 conmemorat,
1469 605 1718 656 certum
1749 582 1842 657 est
1877 606 2090 659 tamen
2125 612 2341 661 veram
2373 585 2496 662 ess‘e
2521 610 2682 687 prae-

387 679 635 758 difltam
665 680 1013 763 unionem,
1059 678 1595 778 quotiescumque
1607 679 1884 756 fluidum
1917 684 2077 757 intra
2095 683 2267 760 atiud
2295 683 2575 760 fluidum
2593 688 2695 769 ab,

387 780 591 852 terius
632 800 880 852 natmae
910 778 1263 851 collocatur
1290 825 1316 860 ‚
1374 801 1451 853 ut
1474 781 1695 852 oleum
1725 782 1886 852 intra
1912 807 2143 880 aquam
2172 834 2197 869 ‚
2246 785 2346 857 vel
2374 794 2483 856 ae‘r
2511 785 2679 858 intra

388 874 744 973 quodlibet
767 874 941 949 aliud
968 874 1286 959 fluidum,
1329 901 1465 949 non
1493 874 1892 975 diffipabitur
1916 929 1941 964 ‚
1987 879 2096 954 sed
2142 883 2347 956 tenaci
2387 880 2675 979 quadam

387 977 635 1049 unione
662 997 791 1047 con
839 973 1192 1059 lobabitur‚
1241 975 1467 1075 licetin
1482 999 1677 1049 motu
1703 978 1942 1077 poterit
1970 980 2193 1075 aliquo
2218 982 2413 1078 paeto
2439 980 2574 1071 ejus
2594 979 2672 1052 fi-

575 1095 774 1146 rotun
825 1095 861 1143 a
889 1073 1149 1145 alterari.
1195 1074 1353 1145 Hoc
1378 1095 1590 1173 autem
1611 1099 1747 1147 non
1768 1078 2094 1175 contingit
2113 1078 2181 1150 in
2203 1079 2510 1153 omnibus
2522 1078 2672 1152 flui-

503 1168 972 1265 cujuscumque
986 1176 1230 1245 naturae'
1254 1170 1415 1258 fint,
1464 1197 1614 1244 nam
1649 1176 2219 1269 aquaintravinum
2244 1224 2268 1261 ‚
2316 1185 2385 1250 &
2406 1179 2673 1251 Metalla

383 1268 526 1344 fusa
551 1272 715 1343 inter
740 1269 801 1341 se
828 1271 1185 1343 commixta
1212 1292 1349 1341 non
1383 1268 1444 1342 se
1491 1293 1788 1371 regantur
1814 1318 1838 1354 ‚
1885 1271 1999 1348 sed
2028 1270 2217 1349 facile
2248 1275 2671 1349 commiscen-

333 1371 341 1377 “
382 1387 549 1454 tur,
592 1362 1218 1478 coffundunturque
1248 1368 1414 1439 inter
1450 1394 1513 1440 e.
1602 1370 1767 1442 Etin
1799 1367 1967 1443 hisce
1980 1368 2545 1448 advertendumest
2559 1371 2670 1448 ad·

382 1464 662 1543 ductam
687 1465 1138 1563 experientiam
1163 1466 1389 1538 locum
1412 1489 1547 1537 non
1560 1461 1950 1550 habere‚sed
1962 1470 2425 1545 tantummodo
2441 1474 2505 1544 in
2522 1474 2671 1546 flui-

384 1563 494 1643 dis
526 1564 701 1663 prins
725 1561 1027 1667 expolitis
1052 1588 1187 1637 non
1217 1561 1641 1663 homogeneis
1654 1565 1821 1637 inter
1836 1565 1920 1639 st.

2849 483 2917 544 te·
2984 528 2989 535 ,

2853 549 2943 585 au.

480 1667 929 1763 supponamus
977 1663 1175 1763 igitur
1211 1659 1518 1735 fluidum*
1545 1660 1756 1746 ABC,
1806 1662 1993 1736 verbi
2025 1665 2224 1765 gratia
2262 1652 2477 1737 ae‘rem‘
2501 1713 2522 1747 ,
2568 1671 2669 1739 vel
2724 1687 2969 1737 nutv.

375 1760 866 1864 hydrargyrum
882 1810 907 1845 ‚
949 1761 1202 1834 moveri
1229 1762 1297 1835 vi
1322 1760 1650 1834 intrinseca
1683 1807 1707 1844 ,
1751 1762 1858 1834 vel
1887 1764 2203 1837 violenter
2227 1764 2572 1862 impulsum
2602 1767 2672 1839 in

330 1895 339 1903 ·
377 1886 546 1958 aqua
570 1865 739 1934 intra
777 1858 1084 1933 Fistulam
1116 1857 1397 1931 strietam
1448 1861 1690 1933 RSVX
1737 1883 2034 1934 contenta
2060 1864 2097 1934 ὲ
2128 1864 2412 1935 termino
2441 1865 2498 1933 B
2531 1860 2672 1936 ver-'-

375 1959 485 2033 sits
507 1964 573 2033 E
590 1987 611 2030 ι
661 1965 732 2032 &
748 1962 901 2054 quia
928 1955 1199 2054 spatium
1219 1958 1471 2030 DNLF
1491 1957 1605 2029 ubi
1621 1957 1900 2033 fluidum
1928 1961 2113 2035 ABC
2142 1961 2543 2059 transportari
2556 1960 2671 2036 de·

379 2059 536 2141 bet,
581 2057 716 2151 jam
755 2058 1070 2154 repletum
1098 2063 1167 2128 &
1195 2075 1583 2153 occupatum
1612 2053 1704 2128 est
1729 2057 1765 2128 ὲ
1795 2057 2019 2133 medio
2043 2057 2250 2134 fluido
2264 2084 2474 2155 aqueo
2492 2109 2513 2143 ‚
2542 2056 2674 2135 hoc

385 2177 607 2229 autem
651 2175 728 2227 ut
768 2157 988 2229 locum
1035 2152 1219 2228 cedat
1257 2155 1633 2229 subintranti
1674 2152 1885 2229 fluido
1932 2160 2157 2238 Aac,
2219 2154 2464 2231 necess‘e
2492 2155 2581 2230 est
2601 2182 2673 2231 ut

385 2248 546 2327 hinc
570 2250 847 2328 discedat
870 2251 1410 2347 transferaturque
1436 2250 1518 2327 ad
1532 2251 1976 2351 occupandum
1989 2252 2154 2327 illud
2165 2256 2431 2353 spatium
2445 2303 2470 2338 ‚
2484 2254 2674 2347 quod

378 2351 858 2450 derelinquitur
889 2353 925 2423 ὲ
960 2351 1172 2426 fluido
1218 2354 1433 2436 ABC,
1487 2348 1780 2447 cumque
1811 2374 2056 2449 corpus
2109 2354 2303 2425 ΑΒΕ
2349 2355 2667 2425 unionem

327 2516 330 2523 .
374 2455 579 2531 servet
603 2502 628 2539 ‚
673 2475 797 2525 nec
835 2448 1171 2551 diffipetur
1196 2500 1221 2539 ,
1279 2452 1477 2551 igitur
1501 2452 1790 2523 anterius
1820 2447 2113 2525 medium
2156 2447 2441 2527 fluidum
2477 2447 2670 2524 debet

374 2551 655 2651 perejus
694 2555 891 2625 latera
920 2550 1196 2644 oblique
1241 2571 1574 2662 excurrere
1604 2547 1686 2623 ad
1720 2548 2119 2648 occupandas
2149 2571 2359 2649 partes
2400 2544 2670 2662 posticas

375 2650 709 2728 dereliffls
735 2652 776 2721 ὲ
803 2647 1018 2723 fluido
1063 2650 1276 2732 ABC,
1320 2646 1551 2721 scilicet
1563 2646 1841 2725 fluidum
1886 2650 2147 2721 ENDB
2196 2651 2569 2721 movebitur
2587 2645 2670 2720 ad

378 2769 628 2847 partem
656 2746 975 2821 sinistram
991 2744 1213 2820 versus
1257 2748 1366 2831 A‚·
1392 2753 1461 2818 &
1485 2742 1777 2819 medium
1805 2745 2085 2819 fluidum
2117 2748 2341 2818 BFLE
2372 2744 2672 2817 movebi-
2752 2776 2773 2806 .-

385 2869 493 2920 tur
517 2846 601 2922 ad
624 2870 873 2945 partem
907 2843 1234 2921 dexteram
1262 2844 1483 2920 versus
1525 2849 1613 2929 C.
1656 2866 1978 2940 eruntque
1994 2841 2281 2940 praediffi
2298 2866 2512 2916 motus
2529 2866 2666 2916 non

384 2943 856 3040 aequidistantoe
888 2945 988 3030 axi
1032 2944 1152 3017 ΕΒ
1169 2992 1193 3029 ,
1237 2937 1343 3015 sed
1378 2963 1564 3016 erunt
1586 2944 1867 3017 inclinati
1879 2944 2190 3042 perlineas
2217 2942 2553 3040 obliquas,
2594 2964 2675 3015 ut

379 3044 537 3118 sunt
557 3046 691 3116 EA
717 3047 954 3127 &EQ
998 3048 1066 3116 δι
1082 3038 1220 3116 hoc
1244 3036 1601 3115 neceffitate
1638 3041 1918 3139 quadam
1947 3043 2303 3142 contingit,
2353 3042 2507 3137 quia
2521 3039 2675 3112 flui-

378 3140 555 3217 dum
588 3147 631 3215 ὲ
662 3143 809 3214 loco
837 3142 1129 3241 ampliori
1153 3142 1381 3214 SEBD
1426 3139 1795 3237 pertranfire
1807 3141 2000 3214 debet
2014 3164 2138 3237 per
2153 3136 2482 3237 angustam
2498 3139 2672 3208 viam

372 3244 568 3323 Ao,
618 3245 688 3312 δι
717 3241 951 3336 reliqua
992 3236 1182 3313 fluidi
1214 3237 1526 3313 medietas
1557 3242 1792 3314 VEBF
1840 3241 2072 3334 pariter
2099 3234 2179 3304 ab
2209 3235 2425 3330 amplo
2469 3232 2673 3340 spqtio

373 3336 733 3512 550329‘5122
746 3335 1434 3539 Zffissfffississffl
1503 3328 2678 3510 {ffiffizssztmeffl’tss

371 3556 457 3609 ut
486 3556 749 3624 motat,
781 3545 852 3611 δι
876 3536 1094 3609 fluxus
1122 3558 1302 3629 aquae
1330 3531 1509 3608 afim
1535 3534 1591 3604 B
1620 3528 1843 3606 versus
1869 3534 1944 3602 Ο
1973 3536 2041 3603 &
2068 3536 2119 3603 P
2149 3527 2431 3621 obliquo
2456 3525 2680 3601 itinere

375 3633 488 3708 fiat
512 3633 956 3732 impellendo,
992 3631 1465 3707 contundendo
1478 3681 1504 3718 ,
1551 3637 1620 3705 δι
1646 3624 2077 3704 confricando
2104 3624 2505 3722 superficiem
2538 3649 2684 3697 cor-

379 3735 556 3827 poris
583 3735 801 3818 ABC,
847 3730 1041 3828 quod
1070 3755 1226 3804 com
1270 3728 1718 3805 reffionicedit
1746 3729 1838 3802 ob
1873 3725 2012 3819 ejus
2024 3725 2444 3810 fluiditatem,
2491 3724 2686 3824 igitur

215 3930 230 3937 ⁶
379 3830 568 3911 ΑΒΕ
630 3829 1124 3915 accommodari
1151 3825 1235 3907 de

1289 3966 1300 3973 ·
1402 3935 1714 4027 (ΜΞ).
2546 3940 2701 3991 mm

1283 3851 1350 3910 et
1377 3826 1706 3904 fituadoni
1741 3830 2040 3927 obliquae
2070 3819 2403 3926 preffionis
2454 3846 2694 3919 corpo-
2836 3846 2843 3853 ·

2729 1750 2828 1815 rig.
2849 1750 2895 1799 8.
