3692 4534
677 256 828 327 DE
873 253 1273 325 MOTIB.
1319 253 1596 324 NAT.
1644 245 2315 329 &Gravitatefaffla
2462 199 2473 214 ἱ
2528 262 2650 354 285
2710 299 2856 349 cn.
2896 303 2961 360 x.

337 381 464 468 te}
507 375 708 476 quhm
734 378 789 446 B
805 422 828 456 ,
875 370 1378 447 sciliceneodem
1395 395 1692 472 tempore
1715 374 1789 448 G
1815 377 2397 477 pertranseatgrave
2424 382 2489 452 A
2520 406 2653 456 ma·
2714 406 2791 452 ne
2812 403 2961 471 aqui·

339 483 458 579 jus
483 482 751 578 spatium
773 477 944 558 CD,
989 496 1223 571 corpus
1238 473 1466 546 veroB
1499 474 1716 546 minus
1728 472 2125 571 ponderans,
2172 500 2495 575 percurrat
2521 480 2651 579 spa·
2678 474 2924 577 ζῗξξξῗ·

337 584 522 658 tium
552 581 675 653 (ΞΕ
707 572 960 659 minim,
1008 576 1207 670 quim
1222 573 1394 657 CD,
1442 574 1888 672 concipiantur
1903 574 2118 671 postea
2132 575 2270 649 duo
2302 579 2651 678 corporaA
2681 592 2775 664 rau
2824 544 2959 642 νεῗᾶ-

337 688 422 757 &
438 684 496 754 B
512 679 705 753 fimul
734 675 1032 773 colligata
1045 722 1093 760 ‚,
1118 694 1229 746 aut
1247 674 1632 764 conjunsta‚
1676 693 1752 745 ut
1766 674 2076 750 nimirum
2103 700 2312 749 unum
2342 673 2476 751 fine
2504 682 2655 752 alte·
2681 667 2837 768 ξίξξὲξ
2852 669 2963 722 3¹³⁹

337 806 434 856 ro
458 775 716 854 moveri
743 794 1054 869 nequeat,
1102 779 1168 845 &
1203 770 1288 845 sic
1315 797 1605 845 connexa
1619 796 1991 870 percurrant
2005 774 2238 848 eodem
2263 797 2392 849 tem
2442 801 2555 850 ore
2583 782 2657 853 G

336 880 626 980 spatium
655 877 801 958 CF,
846 874 1158 968 quoniam
1189 871 1331 945 tum
1362 894 1598 970 corpus
1625 876 1692 943 A
1718 871 1881 956 cum
1914 875 1970 944 B
1999 869 2238 947 habent
2259 900 2373 975 gra
2422 902 2495 951 us
2520 902 2658 951 cer-

342 1002 466 1057 tos
482 1001 552 1050 ac
575 973 1026 1049 determinatos
1041 973 1459 1046 velocitatum
1490 968 1610 1043 fibi
1627 971 1903 1045 enatura
1916 969 2286 1071 affignatos,
2334 979 2451 1072 qui
2466 1001 2580 1075 per
2595 978 2659 1050 se

349 1076 644 1156 omnino
659 1073 1055 1146 invariabiles
1071 1070 1215 1143 sunt
1227 1121 1250 1154 ,
1297 1067 1418 1143 nisi
1434 1071 1514 1143 ab
1528 1071 1737 1168 aliqua
1750 1091 2008 1145 externa
2022 1075 2200 1148 causa
2213 1073 2658 1170 supervenien-

338 1202 422 1254 te
435 1178 813 1256 alterentur,
858 1178 1024 1246 &ex
1036 1164 1379 1282 hypothesi
1455 1168 1639 1245 radus
1656 1173 1954 1245 naturalis
1986 1173 2338 1246 velocitatis
2364 1173 2559 1272 ipfius
2588 1182 2689 1267 A,

340 1271 795 1368 majorestea,
843 1295 992 1367 quae
1005 1270 1319 1367 competit
1335 1272 1398 1367 ip
1466 1272 1555 1354 133
1607 1295 1627 1340 1
1701 1290 1807 1343 tur
1828 1269 2181 1344 validior&
2212 1269 2661 1349 vehementior
2800 1335 2814 1348 .

336 1376 592 1483 gradus
619 1371 971 1446 velocitatis
996 1366 1187 1468 ipsius
1216 1370 1284 1438 A
1311 1294 1731 1465 promoveffit
1772 1370 2167 1468 urgebitque
2207 1370 2649 1473 tardigradum
2679 1336 2964 1466 ἓῗιωξῗξῖ

342 1476 615 1555 mobile
647 1476 738 1556 B,
786 1466 977 1564 quod
994 1464 1270 1568 proinde
1287 1488 1554 1566 cogatur
1583 1468 1862 1541 celerius
1891 1493 2264 1556 excurrere,
2311 1474 2512 1568 quam
2541 1497 2657 1573 per
2676 1461 2809 1514 ²⁸³⁰·
2831 1478 2881 1533 3·

341 1579 423 1655 se
439 1627 461 1663 ‚
509 1582 577 1649 &
603 1572 842 1666 absque
871 1567 975 1640 illa
992 1567 1294 1640 violentia
1310 1566 1510 1642 latum
1532 1563 1772 1638 fuiss'et.
1868 1570 1932 1637 E
1958 1589 2219 1653 contra,
2268 1593 2501 1669 corpus
2532 1596 2657 1647 tar-

341 1671 505 1760 aius
530 1677 585 1747 B
607 1691 940 1745 remoram
967 1663 1192 1742 afferet
1218 1667 1535 1740 velociori
1561 1662 1824 1764 corpori
1856 1668 1957 1750 A,
2004 1666 2194 1763 quod
2221 1670 2501 1766 proinde
2529 1694 2659 1746 tar·

341 1775 508 1851 'dius
527 1774 594 1846 in
609 1764 927 1869 praediao
956 1786 1256 1859 ternpore
1269 1764 1693 1846 movebitur3
1743 1764 2151 1863 quapropter
2177 1765 2319 1852 duo
2344 1772 2560 1870 gravia
2590 1778 2673 1847 A·

342 1881 422 1950 δι
438 1876 495 1946 Β
525 1867 717 1944 fimul
743 1886 1070 1946 connexa,
1119 1859 1362 1932 scilicet
1377 1859 1724 1933 amborum
1741 1885 2157 1979 aggregatum
2175 1881 2502 1962 percurret
2515 1868 2655 1945 des-

344 1964 707 2048 cendendo
721 1960 953 2036 eodem
965 1980 1260 2056 tempore
1281 1960 1354 2031 G
1382 1959 1652 2057 spatium
1667 1963 1817 2046 CF,
1867 1986 2082 2036 minus
2095 1964 2368 2061 quidem
2384 2017 2406 2052 ‚
2453 1971 2659 2065 quam
2702 2047 2709 2054 ,

348 2074 539 2152 CD,
585 2061 693 2140 sed
708 2059 948 2154 majus,
991 2062 1191 2156 quam
1208 2061 1368 2143 (ΞΕ,
1413 2054 1637 2155 estque
1676 2084 2093 2162 aggregatum
2126 2088 2205 2138 ex
2244 2070 2311 2137 A
2342 2073 2410 2140 δε
2440 2071 2661 2171 Bgra-

353 2173 549 2251 vius,
593 2186 795 2261 quam
822 2183 1057 2259 corpus
1083 2160 1152 2232 A
1178 2157 1525 2232 solitarium
1541 2207 1563 2243 ,
1609 2159 1811 2258 igitur
1821 2164 2077 2256 gravius
2100 2186 2368 2259 corpus,
2413 2172 2671 2267 nempe-

255 2341 268 2346 ,
299 2267 310 2270 “
355 2257 885 2385 aggregatum'ex
911 2263 977 2330 A
1004 2259 1139 2332 &B
1156 2304 1179 2341 ,
1225 2277 1552 2354 percurret
1564 2254 1801 2330 eodem
1817 2277 2112 2355 tempore
2139 2263 2212 2333 G
2240 2261 2512 2358 spatium
2540 2271 2659 2339 CF

353 2390 586 2446 minus
606 2360 915 2460 quidem,
961 2357 1163 2454 quam
1177 2359 1311 2429 CD
1343 2353 1721 2429 transaecum
1753 2355 1792 2427 ὲ
1818 2356 2099 2432 solitario
2128 2381 2404 2456 corpore
2434 2366 2501 2433 A
2530 2366 2660 2436 mi·

347 2471 492 2547 nus
585 2463 725 2546 avi,
770 2456 958 2558 quod
980 2477 1292 2555 repugnat
1306 2449 1653 2555 hypothefi
1667 2480 1688 2539 3
1741 2457 2000 2556 gravius
2013 2459 2268 2531 enimin
2298 2483 2505 2541 vacuo
2520 2460 2665 2536 des-

347 2491 634 2643 cendgeroe
646 2557 953 2635 debuerat
968 2555 1277 2631 velociori
1294 2578 1517 2639 motu,
1564 2555 1766 2651 quem
1780 2555 1999 2629 minus
2009 2582 2223 2657 grave.
2300 2563 2463 2632 Non
2491 2586 2655 2661 ergo

351 2668 518 2742 fieri
527 2657 738 2762 potest
751 2682 825 2735 ut
838 2681 1071 2760 corpus
1084 2656 1339 2761 gravius
1350 2656 1418 2731 in
1436 2677 1639 2732 vacuo
1656 2650 1961 2744 ederint,
2007 2663 2207 2754 quam
2225 2658 2446 2736 minus
2459 2686 2655 2762 grave

353 2765 631 2843 feratur.
1439 2795 1444 2800 ·

455 2858 766 2938 Secundo
778 2861 926 2936 loco
941 2859 1018 2938 fit
1029 2859 1288 2959 gravius
1298 2882 1532 2961 corpus
1547 2851 1613 2931 A·
1626 2909 1649 2947 ,
1670 2849 1716 2933 fi
1731 2854 1871 2933 fieri
1886 2856 2099 2961 potest
2109 2909 2133 2947 ,
2181 2858 2404 2948 minus
2415 2863 2612 2940 velox
2626 2863 2657 2948 ,’

354 2990 571 3065 quam
600 2965 657 3038 B
687 3015 709 3050 ‚
757 2961 1001 3039 scilicet
1030 2963 1097 3033 A
1127 2983 1448 3059 percurrat
1475 2962 1688 3035 minus
1715 2959 1986 3058 spatium
2013 2965 2175 3046 (ΞΕ,
2222 2960 2331 3036 sed
2372 2964 2425 3034 Β
2455 2961 2664 3051 majus

343 3067 630 3168 spatium
648 3067 782 3138 CD
812 3062 1050 3140 eodem
1080 3080 1372 3159 tempore
1393 3064 1460 3137 G
1477 3089 1499 3147 ;
1551 3068 1616 3136 &
1641 3060 1824 3135 ficuti
1854 3082 2034 3135 antea
2059 3059 2316 3134 diotum
2348 3058 2475 3143 est,
2521 3057 2664 3132 duo

343 3191 639 3267 corpora
654 3166 718 3234 A
734 3170 797 3235 δι
815 3164 871 3235 Β
889 3157 1076 3232 lirnul
1088 3184 1375 3236 connexa
1395 3163 1724 3236 velociora
1736 3181 1931 3232 erunt
1950 3161 2238 3251 pigriore
2256 3177 2533 3248 corpore
2563 3159 2666 3237 A,

341 3275 417 3342 &
451 3265 622 3341 ide&
651 3281 888 3355 corpus
913 3260 1198 3355 gravius,
1242 3261 1482 3336 scilicet
1509 3275 1932 3354 aggregatum
1972 3273 2054 3319 ex
2084 3253 2150 3316 A
2191 3256 2259 3319 &
2291 3253 2347 3319 B
2376 3250 2666 3325 velocifis
2720 3265 2928 3323 Ibidem.

344 3358 742 3450 descendet,
788 3358 989 3449 quam
1015 3361 1235 3431 minus
1261 3380 1456 3455 grave
1483 3358 1587 3435 A,
1634 3346 1829 3444 quod
1855 3343 2071 3420 rursus
2096 3342 2446 3446 hypothefi
2475 3372 2666 3449 repu-

348 3476 559 3557 gnat,
609 3473 744 3523 non
768 3450 1071 3552 igiturest
1084 3451 1414 3550 possibile,
1460 3471 1534 3522 ut
1547 3472 1782 3548 corpus
1796 3449 2001 3548 magis
2014 3443 2456 3544 ponderosum
2474 3451 2541 3521 in
2557 3477 2666 3524 va-

353 3582 497 3634 cuo
528 3549 721 3626 citius
748 3571 856 3624 aut
882 3545 1128 3621 tardihs
1160 3547 1527 3633 descendat,
1574 3552 1774 3646 quam
1806 3550 2025 3621 minus
2052 3572 2281 3647 grave3
2335 3572 2537 3642 quare
2551 3573 2664 3623 ne-

352 3657 531 3735 cesse
544 3649 671 3736 est,
717 3672 794 3726 ut
807 3649 1007 3724 ambo
1032 3651 1268 3754 aequali
1281 3651 1696 3731 velocitatein
1723 3674 1932 3730 vacuo
1944 3646 2270 3739 ferantur,
2316 3649 2504 3750 quod
2517 3647 2660 3725 fue-

360 3779 463 3842 rat
476 3747 1085 3880 demonlbandum·

1531 4057 1707 4160 §Nn
1754 4051 1830 4158 ΒΣ
2020 4171 2032 4182 ο
2399 4045 2670 4186 ΡΡξΟΞ
