3692 4534
1052 166 1124 253 '2
1565 169 2900 271 Jon.ar.ssonsszzr

1084 301 1344 376 xionem
1372 296 1557 368 habet
1578 322 1732 389 cum‘
1742 316 2036 393 tempore
2059 293 2121 367 in
2142 320 2273 394 quo
2294 294 2642 395 transigitur
2663 342 2686 377 ,
2737 318 2807 368 ut
2828 299 2906 367 de
2931 294 3065 394 ipso
3086 318 3269 372 motu
3286 298 3380 374 nil

1091 401 1253 473 aliud
1274 399 1412 470 εᾶυ
1437 397 1697 477 existat,
1747 418 1936 494 quam
1982 393 2346 469 indivisibile
2393 417 2797 473 momentum
2836 396 2897 465 in
2938 396 3190 469 instanti
3207 421 3374 472 tem-

1092 501 1267 598 poris
1290 496 1764 595 praesentis'afiffl
1795 493 2059 594 vigentis
2081 539 2104 574 ,
2157 500 2224 566 δι
2245 495 2604 590 operantis;
2656 494 2827 566 sicuti
2870 496 3042 567 enim
3062 498 3372 594 temporis

978 603 987 612 '
1089 600 1420 697 praeteritae
1439 618 1640 694 partes
1680 620 1814 666 non
1853 591 2165 673 existunt,
2216 618 2420 694 neque
2457 584 2713 674 flaturae,
2775 592 2856 665 fic
2877 621 3126 695 quoque
3141 599 3374 696 migra-

1096 698 1287 771 tionis
1305 742 1329 778 ,
1382 694 1485 767 seu
1503 694 1780 766 transitus
1800 693 2056 772 localis,
2106 718 2241 792 quae
2259 694 2545 789 operatio
2560 693 2842 792 quaedam
2866 693 2955 763 est
2972 740 2994 774 ,
3093 698 3380 767 raeteritae

1148 817 1306 867 artes
1325 840 1355 876 ,
1402 792 1626 866 scilicet
1645 793 2013 892 agitationes
2031 795 2352 864 transacstae
2369 839 2391 873 ,
2432 791 2531 863 seu
2551 790 2763 863 futurae
2781 818 2915 862 non
2931 721 3198 864 εκὶίῗιιιιε
3217 840 3239 875 ,
3263 791 3376 865 nisi

1099 822 1270 968 {orte
1294 894 1425 992 quis
1447 896 1592 967 velit
1614 891 1874 990 spatium
1894 891 2218 990 peran
2251 895 2316 962 in
2354 890 2709 964 excursione
2724 891 3001 987 praedieti
3021 913 3232 963 motus
3252 918 3386 989 pro,

1102 993 1425 1067 existentia
1460 992 1635 1091 ipsius
1656 996 1950 1089 ponere,
2001 1010 2183 1088 atque
2225 988 2674 1091 recognoscere
2715 1036 2738 1071 ,
2790 991 2961 1087 quod
2996 991 3248 1088 quidem
3285 1008 3378 1062 at·

1152 1119 1301 1165 uum
1319 1091 1600 1189 nonest,
1649 1091 1932 1187 operatio
1967 1091 2138 1169 enim
2174 1111 2382 1160 motus
2403 1136 2426 1170 ,
2478 1115 2616 1188 quae
2654 1089 2717 1159 in
2740 1085 2932 1185 spatio
2953 1090 3383 1160 transaetoin-

1102 1120 1344 1289 Pumpta
1364 1193 1604 1261 estnon
1626 1190 1829 1262 existit
1848 1210 1981 1259 tota
2000 1188 2175 1260 simul
2196 1244 2217 1270 ‚
2273 1189 2375 1260 sed
2397 1186 2722 1259 succeffive
2757 1189 2922 1279 juxta
2949 1187 3185 1259 fluxum
3203 1208 3375 1261 tem-

1100 1293 1272 1391 poris
1297 1290 1468 1387 spatii
1491 1290 1950 1387 longitudinem
1969 1288 2273 1368 excurrit,
2303 1306 2684 1385 quapropter
2703 1286 3094 1357 rationalibus
3115 1286 3390 1384 spatium>

1100 1391 1420 1489 peractum
1442 1388 1785 1484 comparari
1847 1385 2011 1473 otest
2029 1410 2172 1458 cum
2191 1387 2494 1486 temporis
2513 1384 2853 1486 quantitate
2872 1430 2904 1465 ,‚
2944 1410 3082 1485 quae
3100 1383 3384 1460 succeffi-

1098 1489 1180 1565 ve
1199 1490 1276 1559 ab
1295 1489 1420 1579 ejus
1445 1486 1608 1557 fluxu
1630 1511 1775 1559 rnen
1804 1507 2030 1559 uratur.
2348 1562 2360 1568 ,
3413 1552 3430 1557 -

1079 1582 1083 1591 ’
1199 1587 1401 1686 Qod
1423 1610 1573 1660 vero
1592 1605 1805 1657 motus
1825 1586 1902 1657 de
1917 1605 2151 1682 genere
2189 1583 2542 1683 quantitatis
2561 1582 2634 1655 sit
2653 1629 2676 1664 ,
2725 1583 2969 1656 constat
2984 1607 3064 1655 ex
3079 1584 3398 1682 praecipua.

1100 1685 1380 1782 passione
1419 1684 1769 1783 quantitatis
1791 1729 1811 1763 ,
1864 1707 2266 1782 quaecumque
2302 1685 2473 1756 enim
2512 1682 2834 1779 suscipiunt
2874 1684 3112 1784 magis,
3165 1682 3232 1755 δι
3256 1685 3384 1754 mi-

1102 1809 1219 1854 nus
1243 1831 1273 1865 ,
1316 1782 1541 1854 scilicet
1558 1784 1763 1880 augeri
1781 1783 1844 1852 in
1864 1779 2175 1853 infinitum
2220 1782 2566 1882 pariterque
2601 1782 2679 1853 ad
2692 1780 3218 1855 libitum-diminui
3237 1777 3386 1879 pos-

1100 1881 1291 1962 sunt,
1335 1903 1560 1981 quanta
1579 1881 1850 1952 omnino
1874 1879 2012 1951 sunt'
2028 1926 2053 1959 ,
2104 1878 2207 1951 sed
2228 1882 2400 1970 juxta
2439 1881 2842 1980 partitionem
2862 1927 2886 1961 ,
2938 1882 3040 1954 vel
3073 1904 3392 1981 augmen·

1100 2001 1238 2054 tum
1259 1981 1601 2078 temporis,
1656 1981 1721 2050 in
1760 2006 1889 2079 quo
1924 1999 2137 2051 motus
2176 1980 2478 2063 efficitur,
2527 1978 2923 2057 subdividitur
2939 2005 3225 2079 quoque,
3280 1978 3398 2052 'vel'

1105 2076 1320 2153 crescit
1339 2080 1631 2180 migratio
1648 2135 1670 2163 ,
1727 2083 1827 2164 vel
1846 2076 2125 2153 transitus
2161 2078 2563 2169 succeffivu33„
2602 2080 2785 2182 igitur
2803 2079 2882 2154 de
2899 2104 3130 2181 genere
3143 2080 3405 2181 quanti-5

1105 2180 1249 2251 tatis
1269 2177 1515 2251 fluentis
1542 2181 1679 2254 erit.

1205 2280 1331 2351 Sed
1347 2280 1492 2351 licet
1513 2300 1720 2350 motus
1741 2278 1869 2350 sine
1887 2274 2193 2377 temporis
2234 2275 2401 2350 fluxu
2419 2276 2688 2378 intelligi
2702 2304 2832 2349 non
2852 2277 3043 2374 possit
3060 2323 3084 2359 ,
3136 2282 3206 2350 &
3225 2278 3409 2351 interr

1106 2377 1169 2448 fe
1196 2377 1311 2448 sint
1332 2378 1416 2447 ita
1448 2375 1770 2475 colligati,
1821 2398 1889 2447 ut
1909 2375 2205 2448 unusfine
2242 2378 2443 2446 altero
2479 2379 2741 2448 existere
2758 2396 3070 2476 nequeat,
3126 2403 3256 2449 non
3275 2378 3402 2449 de-
3495 2430 3503 2441 .

1110 2473 1247 2568 sunt
1287 2475 1501 2546 tamen
1540 2477 1757 2572 aliquae
1795 2472 2168 2545 diversitates
2202 2501 2237 2557 3„
2279 2473 2504 2573 quibus·
2531 2473 3026 2548 discriminantur
3063 2505 3098 2562 ;·.
3137 2497 3400 2573 ternpus

1108 2575 1285 2659 enim
1302 2571 1545 2671 semper
1565 2570 1835 2666 ejusdem
1861 2570 2079 2671 speciei
2107 2570 2201 2642 est
2222 2616 2244 2651 ,
2298 2571 2526 2645 scilicet
2564 2600 2698 2646 non
2732 2575 2909 2648 datur
2950 2596 3193 2673 tempus
3212 2576 3404 2673 quod·

1109 2673 1188 2743 ab
1210 2674 1331 2743 alio
1353 2694 1483 2742 tem
1488 2671 1902 2770 pore'differat
1921 2672 2232 2742 celeritate
2245 2716 2276 2750 ,
2309 2675 2415 2744 ⁴vel
2435 2675 2722 2747 tarditate
2741 2721 2763 2756 ,
2785 2672 3192 2747 solummodo
3211 2677 3410 2751 enim:

1109 2772 1404 2843 minuitur
1423 2818 1446 2852 ,
1502 2773 1597 2842 vel
1620 2792 1873 2872 augetur
1891 2794 2003 2867 per
2020 2767 2104 2842 sui
2121 2771 2558 2847 extensionem
2571 2820 2606 2855 ,
2649 2773 2815 2843 sicuti
2836 2772 3095 2870 simplex
3112 2775 3396 2874 longitu-

1111 2871 1199 2942 do
1220 2872 1399 2941 lineae
1418 2873 1603 2945 refiae
1641 2895 1771 2940 non
1817 2865 2025 2942 differt
2063 2869 2141 2940 ab
2176 2870 2287 2940 alia
2324 2870 2884 2968 rectalineasspeeie
2906 2919 2932 2951 ,
2975 2870 3078 2943 sed
3104 2872 3408 2947 mensura>

1105 2971 1554 3041 tantummodo
1578 3016 1601 3051 ,
1651 2989 2064 3040 veruntamen
2084 2969 2153 3037 in·
2167 2988 2346 3038 motu
2384 2969 2559 3041 datur
2595 2972 2835 3070 magiS,
2889 2978 2956 3041 &
2979 2972 3224 3053 minus,
3274 2997 3398 3045 ne-

1109 3069 1263 3140 dum
1282 3066 1595 3141 extensive
1616 3114 1638 3149 ,
1691 3088 1759 3138 ut
1778 3070 2155 3165 loquuntur,
2206 3065 2310 3137 sed
2329 3067 2672 3151 intensive,
2728 3066 2952 3140 scilicet
2970 3070 3200 3142 eodem
3222 3092 3394 3146 tem-

1104 3192 1263 3265 pore
1279 3167 1414 3239 sieri
1436 3165 1684 3266 possunt
1700 3167 1828 3238 duo
1846 3164 2123 3237 transitus
2143 3211 2166 3246 ,
2213 3162 2313 3237 seu
2332 3187 2544 3239 motus
2566 3168 2892 3264 inaequales
2910 3168 3071 3237 inter
3095 3167 3157 3239 se
3177 3215 3200 3250 ,
3240 3197 3404 3271 qua--

1107 3287 1286 3337 tenus
1304 3269 1366 3337 in
1384 3293 1514 3338 uno
1535 3291 1760 3340 eorum
1784 3267 1979 3357 majus
1999 3263 2258 3362 spatium
2281 3321 2300 3348 ,
2353 3292 2543 3364 quam
2564 3266 2628 3337 in
2663 3268 2860 3336 altero
2877 3264 3230 3367 transigitur
3245 3316 3268 3350 ,
3317 3276 3406 3342 δε

1105 3382 1256 3434 tunc
1277 3367 1513 3458 primus
1548 3387 1759 3436 motus
1800 3368 1986 3437 velox
2022 3364 2466 3461 appellabitur,
2517 3363 2817 3436 secundus
2847 3390 2999 3436 vero
3017 3368 3220 3440 tardus
3242 3398 3292 3454 ς·
3315 3373 3398 3441 δε

1104 3461 1206 3532 hic
1230 3484 1396 3558 patet
1419 3462 1591 3561 quod
1616 3483 1823 3534 motus
1844 3464 2033 3535 velox
2071 3485 2282 3533 revera
2320 3464 2523 3553 major
2540 3463 2632 3535 est
2650 3485 2826 3535 motu
2837 3465 3025 3545 =tardo
3042 3512 3066 3548 ,
3119 3491 3248 3536 non
3269 3491 3402 3538 ex-

1103 3559 1335 3635 tenfiva
1353 3563 1737 3662 quantitate,
1784 3559 1890 3633 sed
1929 3559 2238 3635 intenfivo
2277 3561 2554 3643 robore,
2601 3568 2670 3634 δι
2710 3566 2960 3664 energia
2982 3608 3014 3644 ,
3057 3585 3128 3635 ut
3156 3566 3241 3635 ita
3277 3567 3394 3637 lo-

1191 3686 1287 3735 ar.

862 3809 945 3859 Ἥ,
957 3810 1072 3860 cele·
1103 3687 1399 3860 quIgitur·
1417 3759 1489 3831 in·
1504 3758 1638 3858 ipso
1660 3777 1841 3830 motu
1880 3780 2066 3858 prout
2103 3761 2231 3851 ej'us
2252 3759 2517 3831 intensio
2537 3761 2972 3841 consideratur,
2998 3762 3250 3861 concipi
3270 3764 3388 3835 de·

830 3873 1070 3945 ritatisfii-
1103 3856 1210 3933 bet
1235 3859 1325 3935 vis
1343 3861 1443 3933 illa
1462 3907 1491 3943 ,
1538 3866 1605 3933 &
1640 3860 1894 3961 energia
1931 3860 2255 3932 celeritatis
2280 3904 2308 3941 ,
2354 3882 2474 3961 qua
2509 3886 2736 3962 corpus
2770 3881 3060 3935 movetur
3076 3906 3112 3943 ,.
3201 3888 3294 3934 uae
3317 3863 3402 3935 im

857 3937 945 3983 itur
975 3949 1073 3988 lm·-

905 4012 987 4052 us0,
2545 4010 2566 4018 “
3286 3986 3405 4035 m
