3692 4534
1001 188 1152 265 ‘88
1502 136 1830 288 Jozrss
1926 176 2938 256 'ALBORELLJ

760 306 912 365 GAP·
946 315 1029 363 Ν·
1063 335 1162 387 tes
1213 313 1501 386 minores
1527 312 1607 384 ab
1654 311 1932 381 invicem
1976 307 2201 383 divisas
2226 312 2295 378 &
2323 302 2615 378 discretas
2641 350 2663 387 ‚
2711 322 2790 375 ut
2831 299 3129 379 videmus
3173 329 3363 403 aqua

758 405 1041 517 qufitivam
1066 414 1322 510 copiam
1358 411 1398 487 ὲ
1416 411 1662 483 summa
1688 407 1894 479 Turri
1908 404 2223 504 delapsam
2253 398 2665 503 inprogress‘u
2679 395 3006 474 descensus
3023 403 3363 479 subdividi

758 482 1012 585 ιιῗιιιῐὲζῖῗ
1065 514 1135 584 in
1164 506 1533 583 innumeras
1560 508 1838 606 guttulas
1864 507 2032 576 inter
2055 506 2118 578 se
2164 501 2491 583 discretas,
2539 508 2607 573 δε
2634 496 2819 575 ficuti
2846 524 2980 572 non
3010 501 3201 598 aeque
3233 500 3363 576 hu·
3382 526 3401 547 ⁸

977 628 982 633 ’
1062 612 1303 682 πιεᾶεῐ
1322 615 1389 679 &
1412 604 1755 679 madefacit
1779 605 2003 677 Pluvia
2029 603 2165 686 ina,
2211 625 2284 673 ac
2314 596 2500 672 maffa
2515 602 2759 696 integra
2773 621 2954 694 aquae
2968 603 3357 696 unita‚quia

1062 705 1378 779 nimirum
1410 705 1581 776 nulla
1610 724 1752 800 pars
1777 699 2047 791 subjecii
2073 699 2410 796 corporisa
2439 694 2626 770 massa
2645 700 2953 769 continua
2982 702 3358 792 aquaetacta

1059 804 1443 898 relinquitur
1476 799 1682 884 arida,
1727 798 1888 870 etun
1918 800 1985 870 in
2050 799 2223 871 luvia
2243 820 2379 868 non
2407 814 2853 892 omnespartes
2876 795 2997 869 soli
3011 792 3362 873 madefiant

1059 898 1644 995 humectenturque
1660 947 1682 982 ‚
1728 899 1811 970 ita
1852 919 2016 994 prop
2091 896 2398 970 verticem
2441 893 2719 966 flammae
2754 893 2921 991 ignis
2973 897 3199 969 unitus
3225 921 3357 971 ma-

1057 1023 1223 1071 num
1259 1001 1538 1095 percutit
1559 1045 1581 1080 ‚
1626 1016 1819 1090 atque
1846 995 2151 1078 terebrat,
2196 1018 2349 1071 cum
2364 994 2401 1066 ὲ
2423 1013 2647 1064 contra
2673 993 2739 1063 in
2772 995 3115 1066 remotiori
3144 997 3356 1070 altitu-

1059 1097 1217 1170 dine
1255 1098 1487 1195 spicula
1526 1096 1628 1166 illa
1657 1096 1841 1193 ignea
1883 1089 2074 1165 valde
2111 1091 2373 1164 discreta
2398 1093 2609 1188 plagas
2635 1092 2894 1188 exiguas
2921 1138 2945 1173 ‚
2993 1097 3064 1164 δι
3098 1094 3266 1166 inter
3292 1097 3355 1169 se

1060 1193 1361 1267 distantes
1386 1197 1452 1265 in
1475 1194 1600 1290 ipsa
1624 1213 1820 1264 manu
1841 1187 2118 1261 inferant
2139 1238 2161 1273 ‚
2205 1196 2271 1260 &
2299 1188 2452 1260 hinc
2469 1190 2708 1262 minori
2722 1212 2928 1271 noxa,
2976 1190 3352 1289 minorique

1066 1291 1296 1365 dolore
1331 1291 1614 1364 incursus
1633 1289 1799 1389 ignis
1818 1290 2076 1361 tolerari
2103 1289 2368 1385 poterit.
3270 1336 3277 1345 -

1507 1448 2511 1573 P'Ropos'1T1o
2603 1495 2910 1567 Lx1x.

1057 1689 1122 1753 F
1118 1685 1361 1754 lamma
1393 1683 1674 1753 Candelae
1710 1703 1948 1753 vertex
1982 1685 2400 1751 acuminatur
2413 1721 2435 1758 ‚
2474 1684 2637 1772 'quia
2670 1679 2877 1777 magis
2901 1678 3223 1770 accensus,
3258 1691 3341 1769 &-

1150 1775 1292 1852 §deb
1318 1774 1601 1851 velocihs
1637 1780 1952 1871 aseendit,
1998 1774 2197 1877 qulam
2226 1775 2387 1867 basss
2408 1777 2571 1870 ejus.

1011 2026 1014 2035 .
1150 1979 1458 2044 Praeterea
1505 1971 1998 2072 supponendum
2026 1969 2118 2045 est
2142 2019 2166 2054 ‚
2235 1969 2569 2044 flammam
2610 1969 2919 2047 Candelae
2945 1995 3083 2045 non
3113 1969 3344 2050 habere

1057 2067 1533 2143 consistentiam
1546 2070 2063 2173 homogeneam,
2108 2065 2565 2153 &fimilarerm
2588 2091 2728 2167 pars
2741 2074 2917 2143 enim
2930 2070 3155 2144 infima
3166 2074 3348 2148 flam-

1060 2170 1256 2239 mulae
1284 2191 1420 2241 non
1449 2168 1540 2241 est
1553 2171 1831 2244 omnino
1860 2170 2142 2254 accensa,
2187 2165 2376 2263 quod
2404 2165 2653 2241 constat
2677 2192 2758 2240 ex
2792 2168 2931 2259 ejus
2960 2171 3184 2247 colore
3203 2174 3352 2248 sub-

1053 2266 1262 2341 livido
1285 2317 1309 2352 ‚
1362 2269 1521 2364 quia
1562 2270 1883 2345 nimirum
1912 2268 2084 2342 fumi
2126 2263 2328 2338 oleofi
2357 2267 2624 2338 erufiati
2669 2266 2748 2337 ab
2797 2268 3130 2367 ellychnio
3158 2320 3183 2357 ,
3244 2276 3347 2347 vel

1054 2365 1240 2460 ligno
1275 2389 1409 2436 non
1441 2368 1510 2436 in
1533 2365 1825 2450 instanti,
1868 2366 1978 2440 sed
2001 2370 2374 2461 intempore
2399 2362 2660 2438 accendi
2689 2362 2959 2451 debent,
3006 2369 3351 2466 igiturve·

1058 2460 1325 2534 rifimile
1342 2460 1428 2535 est
1447 2513 1467 2548 ‚
1506 2463 1694 2557 quod
1709 2488 1842 2537 non
1858 2490 2088 2543 omnes
2116 2460 2408 2561 praedicti
2426 2460 2599 2536 fumi
2625 2462 2837 2536 subito
2862 2462 3005 2561 post
3020 2468 3347 2564 egreffum

987 2554 1000 2563 “
1053 2560 1123 2629 in
1169 2560 1310 2658 ipso
1341 2562 1645 2633 contactu
1675 2560 1837 2635 baiis
1866 2562 2145 2636 flammae
2172 2557 2369 2634 fimirl
2404 2567 2475 2634 δε
2499 2561 2750 2663 integre
2780 2561 3230 2653 accendantur,
3271 2576 3350 2644 δε

1050 2677 1390 2756 propterea
1422 2653 1752 2735 rarefaffio
1779 2668 1847 2735 δε
1877 2660 2163 2736 accenfio
2200 2662 2622 2744 continuatur
2649 2707 2674 2744 ‚
2740 2658 2904 2736 dum
2932 2665 3077 2736 αᾶιι
3109 2688 3347 2742 excur-

1050 2777 1206 2828 runt
1233 2759 1353 2830 illae
1381 2762 1705 2858 particule
1730 2763 1767 2832 a
1799 2759 1932 2833 bass
1959 2754 2180 2834 versus
2206 2760 2516 2832 verticem
2545 2757 2849 2835 flammae.
2943 2760 3173 2836 Modo
3194 2763 3245 2839 fi
3274 2770 3348 2841 in

1053 2852 1184 2926 bafi
1213 2856 1562 2930 flammulae
1590 2856 1759 2931 fumi
1787 2882 1922 2931 non
1948 2861 2094 2933 sunt
2126 2859 2405 2931 omnino
2426 2908 2448 2943 ‚
2494 2864 2565 2931 &
2594 2860 2844 2959 integre
2876 2859 3116 2935 accenfi
3138 2910 3163 2947 ,
3207 2889 3344 2940 non

1045 2946 1381 3029 habebunt
1409 2953 1880 3029 velociffimum
1908 2958 2095 3030 illum
2137 2977 2400 3031 motum
2426 3006 2450 3043 ‚
2495 2955 2681 3049 cujus
2704 2981 2901 3056 capax
2927 2959 3022 3033 est
3058 2959 3349 3039 flammae

1049 3072 1231 3149 purae
1259 3077 1511 3141 natura,
1558 3057 1760 3154 igitur
1789 3056 1857 3126 in
1881 3056 2005 3153 ipsa
2032 3055 2295 3129 flamma
2321 3060 2509 3128 conci
2555 3055 2790 3130 idebet
2814 3082 2957 3156 pars
2982 3056 3210 3134 infima
3223 3084 3343 3138 tar-

1053 3148 1237 3239 dior,
1284 3157 1486 3250 quarn
1501 3155 1828 3252 suprema,
1876 3161 1946 3226 δε
1976 3156 2318 3238 verticalis,
2352 3153 2462 3228 sed
2542 3159 2673 3229 cuti
2702 3160 2767 3230 in
2795 3160 3029 3232 Fluvio
3044 3162 3341 3235 nullaalia

1045 3246 1132 3320 de
1158 3251 1333 3324 causa
1359 3275 1530 3327 tanta
1557 3255 1745 3353 copia
1770 3278 1953 3350 aquae
1974 3254 2040 3325 in
2071 3248 2581 3351 angustiffimum
2596 3255 2864 3354 spatium
2881 3260 3048 3331 alvei
3079 3257 3337 3333 restrin-

1044 3348 1226 3447 gitur
1272 3351 1851 3452 coangustaturque
1875 3400 1897 3437 ‚
1955 3350 2074 3424 nisi
2102 3351 2254 3447 quia
2289 3348 2689 3429 velociffime
2732 3357 3015 3431 excurrit
3038 3405 3065 3442 ,
3112 3357 3270 3431 cilm
3298 3366 3341 3435 ὲ

1046 3449 1271 3519 contra
1298 3455 1366 3524 in
1387 3452 1544 3521 locis
1570 3449 1841 3523 dilatatis
1867 3453 2175 3550 &amplis
2200 3449 2424 3526 eadem
2451 3476 2636 3549 aquae
2662 3458 2975 3532 Fluminis
2987 3457 3345 3530 molesam-

1044 3545 1217 3642 plius
1240 3545 1512 3644 spatium
1539 3546 1702 3619 alvei
1729 3549 1823 3619 ob
1852 3546 1988 3641 ejus
2000 3548 2364 3623 tarditatem
2379 3573 2687 3650 occupet,
2738 3554 2827 3627 ita
2852 3558 2922 3629 in
2944 3555 3205 3628 flamma
3230 3556 3340 3631 lu·

1047 3664 1284 3729 cernae,
1339 3669 1497 3740 quae
1514 3665 1589 3717 ut
1619 3645 1923 3719 Fluvius‘
2020 3648 2069 3720 ‘s
2095 3651 2485 3725 excurrentis
2519 3652 2776 3750 concipi
2796 3650 3039 3751 potest,
3084 3654 3343 3730 mirum

1044 3758 1180 3808 non
1200 3738 1315 3823 est,
1329 3741 1602 3836 quodin
1626 3741 1754 3816 bafi
1778 3671 2038 3844 prolpssm
2025 3745 2422 3844 ellychnium
2456 3753 2548 3825 ob
2568 3748 2934 3827 tarditatem
2954 3752 3098 3848 ejus
3115 3749 3342 3829 fluxus

1039 3837 1422 3952 ampliorem
1441 3838 1636 3945 situm
1649 3863 1957 3945 occupet,
1978 3849 2181 3953 quam
2195 3846 2267 3921 in
2294 3845 2433 3947 ejus
2446 3850 2711 3943 vertice,
2723 3852 2841 3956 ubi
2854 3854 3176 3959 velociori
3190 3876 3337 3925 cur-

2424 3941 2648 3955 ¹——n--—

1040 3936 1113 4011 su
1135 3933 1336 4040 fugtt.
3155 3953 3338 4029 Hinc
