3692 4534
832 233 1146 317 efflue
1465 218 1777 330 'Jon
1872 219 2083 300 AL:
2180 225 2858 299 BORELLI.

807 356 923 401 ‘¹³⁶
939 365 1047 426 3¹¹⁰·
1104 357 1176 429 D
1235 349 1581 425 amborum
1629 349 1994 425 fluidorum
2043 352 2291 448 semper
2337 348 2405 419 in
2459 345 2697 421 eodem
2744 352 2936 445 plano
2984 346 3393 430 horizontali

739 436 750 443 ⁶
799 428 934 465 ment

854 431 1087 529 aviissnzn
1108 455 1365 524 ABCD
1411 457 1753 526 retineatur
1785 448 2150 531 acsistatur,
2199 444 2364 521 mihi
2398 447 2682 520 omnino
2709 447 3102 548 impoffibile
3126 452 3413 537 videtur,

783 491 1054 655 ffiffgfn·
1109 575 1183 625 ut
1201 543 1344 623 rota
1361 549 1492 623 five
1533 572 1929 650 tympanum
1980 550 2229 622 AGBF
2280 566 2698 620 convertatur
2725 547 2806 618 ad
2834 564 3042 643 partes
3077 555 3145 621 A
3171 554 3400 628 versus

801 667 946 720 tium.
1111 653 1205 724 G.
1253 652 1644 746 Itaquelicet
1671 668 1965 720 centrum
1997 650 2319 745 gravitatis
2351 648 2728 718 communis
2763 651 2832 717 D
2872 647 3063 721 distet
3090 652 3126 720 ὲ
3156 673 3391 724 centro

829 776 877 823 τ
896 777 1009 829 AB·
1041 775 1082 822 1.
1118 747 1254 819 fixo
1271 750 1600 846 vertiginis
1621 755 1685 818 C
1705 797 1728 830 ,
1774 753 1842 819 δε
1871 744 2149 843 proinde
2181 744 2538 842 pendulum
2569 742 2971 823 horizontale
2995 746 3342 827 constituat
3358 799 3389 836 ‚

837 837 943 904 ΗΒ·
966 850 992 902 3
999 871 1013 885 ·
1111 867 1325 918 tamen
1347 844 1452 937 ajo
1469 844 1681 942 ipsum
1699 846 1956 917 retineri
1973 844 2395 940 suspendique
2418 848 2454 916 ὲ
2476 844 2543 913 vi
2563 867 2790 916 manus
2804 895 2825 929 ‚
2875 870 3022 942 quae
3045 844 3390 963 diaphrag-

815 962 826 967 “
1104 968 1213 1017 ma
1234 946 1355 1017 FG
1394 946 1628 1022 retinet
1640 969 1720 1015 ne
1734 946 2198 1016 convertatur}
2215 945 2278 1014 vi
2296 940 2601 1039 ponderis
2615 945 2681 1013 in
2698 965 2924 1015 centro
2941 946 3013 1015 D
3044 967 3386 1042 operantis,

1105 1067 1245 1115 non
1266 1043 1439 1115 secus
1454 1067 1524 1116 ac
1552 1041 1601 1115 fi
1631 1040 2181 1141 fune-pendulum
2214 1039 2482 1136 aliquod
2520 1043 2654 1113 CD
2676 1045 2712 1114 a
2740 1041 3019 1134 subice&
3051 1067 3249 1116 manu
3276 1047 3382 1118 su-

1095 1134 1394 1240 spensum
1413 1141 1718 1215 deorsum
1734 1140 1884 1214 ferri
1910 1166 2043 1213 non
2059 1138 2266 1239 poffet
2293 1162 2407 1236 per
2437 1163 2659 1212 arcum
2687 1144 2850 1225 DE3
2905 1147 2970 1212 ὅ(
3006 1140 3164 1213 licet
3191 1141 3383 1216 fime-

1097 1237 1461 1338 pendulum
1497 1246 1634 1313 CD
1660 1244 1724 1311 in
1742 1241 1885 1311 casu
1897 1239 2121 1311 nostro
2137 1264 2271 1312 non
2288 1236 2367 1310 fit
2380 1237 2547 1333 quid
2561 1243 2950 1312 continuum
2972 1248 3038 1311 &
3056 1242 3382 1339 alligatum

1093 1359 1328 1410 centro
1347 1344 1411 1411 C
1431 1388 1454 1422 ,
1499 1337 1933 1411 nihilominus
2050 1337 2233 1411 rinde
2259 1336 2321 1409 se
2347 1334 2572 1420 habet,
2622 1360 2777 1409 cum
2804 1335 2940 1428 ejus
2967 1360 3236 1411 conatus
3265 1337 3382 1414 fiat

857 1510 862 1517 ,
1094 1456 1214 1535 per
1233 1462 1453 1510 arcum
1497 1441 1666 1522 DE,
1714 1463 1797 1510 eo
1821 1464 1889 1509 m
1988 1463 2031 1508 o
2056 1436 2311 1534 praecise
2323 1433 2696 1508 acficentro
2722 1439 3109 1535 Calligatum
3125 1434 3379 1523 fuisset,

891 1583 931 1617 f
1081 1537 1210 1609 'ille
1232 1537 1392 1609 vero
1417 1538 1532 1632 qui
1551 1534 1857 1634 prohibet
1870 1534 2236 1609 descensum
2249 1538 2546 1633 corporis
2561 1536 2779 1635 gravis
2797 1537 2892 1618 D,
2920 1535 3109 1629 quod
3134 1538 3384 1628 solum-A

1096 1633 1314 1707 modo
1328 1639 1582 1708 moveri
1596 1660 1708 1732 per
1724 1660 1945 1706 arcum
2000 1639 2130 1707 DE
2161 1632 2375 1732 potest
2395 1685 2418 1718 ,
2458 1629 2796 1705 neceffari'o
2835 1630 3118 1727 impedit
3146 1659 3382 1732 opera-

1099 1734 1346 1804 tionem
1362 1732 1500 1821 ejus
1513 1735 2035 1815 locomotivam,
2081 1730 2370 1827 ideoque
2392 1728 2660 1804 fluidem
2697 1732 2744 1798 F
2766 1732 2916 1801 AG
2951 1752 3105 1800 cum
3148 1736 3383 1807 omni-

1096 1828 1195 1901 no
1225 1831 1504 1924 quiescat
1524 1877 1545 1912 ,
1594 1854 1731 1902 non
1757 1833 2001 1926 poterit
2033 1832 2399 1927 impellere,
2443 1835 2510 1900 &
2538 1849 2911 1899 convertere
2936 1847 3326 1925 tympanum
3341 1858 3373 1916 3

1098 1929 1283 1998 nullo
1311 1930 1489 1999 enim
1522 1925 1731 1999 modo
1763 1930 1902 2027 capi
1930 1927 2142 2026 potest
2170 1928 2537 2026 projeetum
2595 1927 2839 2022 impelli
2864 1927 2942 1996 ab
2976 1952 3056 1998 eo
3096 1949 3377 2024 corpore

1096 2024 1288 2119 quod
1318 2026 1597 2097 omnino
1613 2028 1681 2097 in
1695 2029 1920 2122 quiete
1941 2024 2261 2110 consistit,
2309 2050 2460 2098 nam
2495 2027 2741 2119 semper
2768 2021 3115 2122 projiciens
3143 2031 3209 2098 δι
3245 2028 3383 2115 im·

1100 2124 1341 2216 pellens
1357 2125 1688 2222 impetu&
1704 2146 1898 2199 motu
1911 2126 2102 2198 locali
2122 2123 2431 2198 affeetum
2444 2123 2527 2197 fit
2551 2144 2812 2221 oportet
2823 2123 2904 2197 ad
2919 2121 3050 2196 hoc
3065 2172 3088 2207 ,
3132 2146 3207 2197 ut
3221 2120 3391 2222 pro-⁸

1031 2222 1042 2229 ”
1101 2219 1279 2313 jecto
1293 2222 1572 2319 gradum
1604 2225 1884 2323 impetus
1916 2226 2286 2322 imprimere
2316 2225 2556 2306 valeat,
2605 2245 2759 2294 cum
2786 2223 2986 2321 igitur
3014 2222 3381 2325 hydrargyg

1100 2343 1254 2392 rum
1293 2325 1516 2395 FAG
1554 2323 1835 2396 omnino
1872 2328 2038 2396 iners
2065 2321 2430 2395 stt&motu
2458 2322 2646 2394 locali
2661 2343 2908 2406 eareat,
2959 2322 3378 2395 videturom-

1100 2419 1265 2490 nino
1285 2416 1674 2514 impoffibile
1689 2443 1765 2493 ut
1778 2422 2076 2516 projetfiko
2091 2422 2321 2493 scilicet
2334 2442 2651 2519 tympano
2664 2417 2936 2518 gradum
2951 2422 3228 2515 aliquem
3245 2423 3375 2494 im-

1149 2536 1288 2586 etus
1304 2518 1676 2611 imprimere
1692 2541 1920 2612 queat,
1967 2518 2376 2616 proindeque
2391 2541 2782 2619 tympanum
2801 2542 2929 2591 non
2964 2515 3379 2593 ‘transferetur

1096 2537 1286 2684 focali
1321 2635 1550 2697 motu,
1602 2640 1799 2710 quare
1829 2619 1941 2690 tali
1970 2616 2274 2689 Artificio
2304 2640 2525 2690 motus
2579 2619 2906 2716 vertiginis
2944 2614 3077 2712 ejus
3116 2615 3370 2691 nedum

1089 2713 1464 2784 continuari
1479 2715 1793 2812 perpetuo
1825 2740 1963 2789 non
1999 2718 2289 2811 poterit,
2336 2715 2444 2789 sed
2477 2740 2691 2811 neque
2725 2740 2985 2792 motum
3013 2710 3377 2813 inchoabin

1094 2810 1220 2881 Sed
1235 2812 1452 2884 relifiza
1469 2810 1864 2911 digressione
1882 2814 1961 2888 ad
1978 2840 2117 2889 rem
2141 2814 2424 2889 nostram
2442 2813 2666 2889 redeo·

1597 3026 2600 3099 PROPOSITIO
2696 3029 2872 3099 IV.

1095 3206 1184 3272 In
1201 3202 1437 3273 canalis
1470 3203 1853 3302 fiufiphone
1870 3204 2138 3278 habente
2157 3205 2283 3277 du'o
2315 3205 2580 3296 brachia
2610 3203 2888 3289 dinan,
2938 3214 3016 3290 ῥ’
3040 3210 3376 3305 μνμκάίέ

1193 3304 1508 3372 culariter
1554 3307 1810 3376 elevata
1857 3306 1948 3376 ad
1997 3306 2446 3387 horizontem,
2473 3304 2679 3399 fluidi
2724 3313 2792 3373 in
2837 3332 2906 3377 eo
2940 3309 3378 3399 descendentis

1193 3422 1491 3587 gyra?
1535 3414 1899 3502 gravitatis
1948 3406 2150 3480 cn'rvo
2201 3416 2431 3478 itinere
2488 3427 2611 3502 per
2652 3405 2888 3476 lineam
2934 3404 3375 3503 parabolicam

1301 3523 1407 3567 Cen
1455 3520 1532 3567 tt.

825 3764 952 3812 ΠΒ
1010 3762 1051 3811 1·
1192 3690 1270 3761 In
1300 3687 1569 3788 fiphone
1610 3694 1883 3806 ’TFGV
1918 3696 2042 3771 s1nt
2071 3698 2213 3773 cluo
2258 3707 2500 3778 canales
2531 3706 2651 3774 TF
2688 3709 2758 3775 &
2795 3701 2936 3773 GV
2972 3674 3253 3797 paralleli
3269 3701 3377 3775 in-*

824 3824 930 3892 ng,-
954 3796 1007 3892 ’4,
1096 3788 1298 3870 terse,
1343 3798 1411 3860 δι
1431 3793 1626 3863 ετεᾶι
1649 3795 2253 3891 perpendiculariter
2285 3801 2368 3876 ad
2397 3802 2599 3889 balim
2627 3805 2801 3884 FG,
2847 3806 2914 3870 δι
2946 3795 3371 3874 adhorizon-

1095 3908 1267 3972 tem,
1304 3895 1370 3963 &
1388 3892 1909 3995 quilibeteorum
1926 3901 2111 4007 aeque
2127 3899 2354 3981 craffus
2366 3902 2479 3991 [ιτς
2535 3903 2841 4001 capacitas
2870 3899 3033 3975 vero
3047 3900 3368 3997 portionis

3160 3999 3367 4099 cyling
