3692 4534
635 257 710 331 D
729 259 795 330 E
839 261 947 329 M
955 259 1024 330 Ο
1046 249 1174 331 TI
1192 256 1267 330 B.
1309 250 1410 329 N
1408 256 1494 328 A
1514 255 1594 329 T.
1637 246 2299 331 &Gravitatefailisl
2498 261 2627 362 273*-
2679 309 2827 360 CA„
2866 314 2924 364 χ,

296 383 641 465 'dietis-in
769 384 1030 472 inisest,
1077 385 1509 461 sedex'libero
1539 385 1838 461 descensu
1867 386 2156 462 duorum
2188 389 2609 485 inaequalium
2693 418 2926 489 Deaequi-

305 485 696 589 ponderum
740 483 1044 558 alfitatem
1059 487 1452 585 Peripatetici
1480 486 1892 583 pronunciati
1918 479 2393 562 evidentiffime
2425 514 2610 564 com·
2634 493 2889 597 22⁹5ng

279 586 648 686 probavit.
737 583 866 659 Sed
882 583 1142 657 interim
1162 586 1267 676 ajo
1281 634 1305 669 ,
1354 582 1542 681 quod
1575 583 1925 660 retardatio
1958 586 2336 659 vibrationis
2356 587 2616 661 levioris
2639 608 2733 680 ran
2750 611 2886 659 veio-

303 680 747 784 :fianependuli
760 680 1143 779 producitur
1172 685 1252 756 ab
1279 681 1754 781 impedimento
1782 692 1850 757 δε
1879 680 2214 758 obstaculo
2241 686 2434 772 aeris,
2480 710 2617 760 non
2641 684 2793 786 ἓως
2807 687 2926 741 ΒΨ

2696 749 2792 788 um-

309 806 538 859 autem
555 783 593 853 a
607 778 867 854 defectu
878 778 1186 879 ponderis
1195 781 1357 875 ejus.
1449 784 1514 856 Si
1529 784 1704 856 enim
1715 780 2170 882 suspendantur
2181 807 2264 854 ex
2276 781 2400 857 filis
2413 785 2618 881 aeque

308 883 538 982 longis
551 877 708 955 duae
722 881 901 978 pilae,
947 904 1074 953 una
1086 881 1424 979 plumbea,
1473 882 1658 955 altera
1673 884 1832 955 vero
1845 882 2089 980 lignea,
2134 904 2412 977 quarum
2440 909 2622 979 quae·

311 979 486 1056 libet
513 1003 709 1053 unam
737 980 991 1051 unciam
1020 976 1294 1076 pendat,
1342 999 1501 1053 tunc
1521 976 1579 1050 fi
1609 979 1808 1076 aeque
1839 983 1878 1053 a
1906 979 2369 1078 perpendiculo
2397 1006 2620 1056 remo-

316 1100 625 1162 veantur,
669 1074 949 1151 efficient
988 1079 1381 1151 vibrationes
1425 1077 2032 1175 aequitemporaneas
2043 1125 2067 1162 ‚
2117 1099 2181 1152 at
2206 1082 2619 1156 continenter

318 1177 780 1252 undulationes
791 1178 1014 1277 ligneae
1026 1175 1166 1275 pilae
1182 1177 1507 1250 breviores
1520 1174 1719 1262 fiunt,
1767 1174 1933 1250 dum
1949 1177 2242 1251 breviora
2257 1177 2448 1277 spatia
2460 1176 2615 1252 hinc

317 1276 481 1351 inde
493 1326 518 1361 ,
565 1282 632 1347 δε
648 1272 962 1349 diminuta
976 1278 1318 1372 percurrit,
1365 1273 1477 1347 hic
1490 1275 1647 1348 vero
1662 1273 1906 1349 constat
1918 1273 2289 1350 tarditatem
2305 1278 2461 1377 ligni
2478 1302 2615 1351 non

323 1376 366 1451 ὲ
379 1373 643 1452 ᾶώᾶιι
657 1372 959 1472 ponderis
972 1421 996 1452 ‚
1041 1396 1193 1447 cum
1208 1376 1398 1449 unius
1410 1397 1681 1470 quoque
1697 1376 1912 1450 unciae
1929 1371 2008 1445 fit
2019 1423 2043 1460 ‚
2088 1373 2196 1449 sed
2223 1376 2303 1446 ab
2320 1371 2643 1475 amplitu-'

320 1474 484 1551 dine
500 1473 696 1547 molis
730 1470 904 1565 ejus,
949 1474 1266 1568 quatenus
1290 1474 1393 1547 sua
1422 1471 1677 1547 dilatata
1702 1470 2036 1572 superficie
2060 1496 2140 1544 co
2191 1474 2314 1547 ’tur
2341 1476 2622 1573 expelle-¹

316 1572 796 1745 }estamplioren{}
814 1573 972 1689 ae‘ris
986 1573 1256 1744 111011101ιὲ6
1245 1573 1298 1742 ᾗ
1300 1572 1415 1646 suo
1411 1572 1624 1744 ἑζοξιειιιέ
1635 1594 1839 1688 quem
1854 1567 2398 1742 evidentidoimum
2413 1572 2505 1688 est
2517 1599 2625 1686 re-O

353 1697 378 1744 1
436 1694 542 1745 ere
797 1695 910 1743 om
997 1690 1074 1741 ut
1302 1695 1347 1741 0
1636 1693 1989 1742 innumeris
2005 1694 2122 1741 mo
2169 1694 2313 1742 isex
2446 1689 2623 1746 mur.'

315 1767 450 1845 Sed
459 1674 761 1868 Ριξξι-ξι,
778 1718 1155 1846 suademur,
1205 1720 1397 1864 quod
1411 1793 1546 1840 non
1572 1772 1610 1840 a
1636 1767 1929 1865 pondere
1954 1767 2145 1842 aucto
2172 1693 2454 1842 celerpitg
2480 1768 2623 1861 ejus

319 1889 548 1944 notus
577 1869 644 1939 in
673 1863 890 1940 fluido
916 1886 1221 1963 augetur3
1266 1862 1324 1937 fi
1351 1866 1525 1936 enim
1551 1865 1982 1965 supponamus
2004 1870 2229 1967 ingens
2255 1868 2620 1967 Navigium

323 1966 534 2060 aeque
551 1962 866 2064 velociter
877 1988 991 2063 per
1004 1966 1204 2037 Maris
1213 1961 1607 2061 superficiem
1621 1989 1988 2049 excurrere,
2003 1968 2334 2052 acLinter,
2349 1965 2620 2041 manife-

325 2059 510 2137 stum
523 2058 616 2133 est
632 2085 702 2136 ea
723 2061 959 2136 nullam
971 2064 1351 2164 gravitatem
1365 2085 1654 2136 exercere
1665 2062 2180 2149 transversaliter‚
2194 2064 2356 2140 dum
2370 2065 2438 2138 in
2454 2089 2620 2164 aqua

330 2162 643 2235 innatant.
700 2157 1023 2235 Adveniat
1033 2158 1250 2260 postea
1263 2160 1810 2258 impedimentum
1826 2184 2159 2236 externum
2174 2211 2197 2247 ‚
2233 2189 2299 2236 v.
2320 2190 2387 2264 g.
2410 2168 2624 2263 plures

334 2254 639 2334 homines
651 2260 773 2334 suis
787 2260 1024 2333 viribus
1047 2279 1367 2333 conentur
1390 2259 1703 2359 impedire
1730 2268 1798 2333 &
1826 2259 2085 2332 firmare
2112 2261 2367 2333 cursum
2394 2261 2626 2359 praedi-

335 2357 600 2430 &orum
613 2358 1034 2454 inaequalium
1045 2363 1218 2433 Navi
1269 2357 1520 2444 iomm,
1567 2355 2018 2457 proculdubio
2030 2359 2281 2459 energia
2292 2361 2484 2432 unius
2497 2357 2627 2432 ho·
2654 2419 2681 2440 .

319 2456 528 2530 minis
538 2457 789 2532 tantum
801 2455 1014 2531 fistere
1025 2466 1092 2532 δι
1107 2460 1197 2531 ob
1280 2480 1455 2529 mare
1467 2457 1710 2555 poterit
1722 2456 2194 2541 Lintrem,citm
2211 2459 2247 2530 ὲ
2258 2477 2478 2531 contra
2487 2461 2629 2550 Na-

326 2557 428 2628 vis
441 2556 545 2627 illa
560 2560 785 2658 ingens
798 2556 990 2654 aeque
1009 2561 1202 2631 velox
1213 2607 1235 2642 ,
1256 2580 1327 2629 ac
1338 2556 1656 2630 Navicula
1670 2579 1802 2629 non
1820 2552 2016 2655 possit
2051 2555 2387 2653 impediri,
2410 2579 2624 2651 neque

330 2655 633 2727 velocitas
643 2653 781 2746 ejus
795 2656 1077 2729 omnino
1092 2657 1378 2755 extingui
1393 2655 1471 2727 ab
1489 2657 1733 2755 ingenti
1750 2673 1991 2729 conatu
2005 2662 2071 2727 δι
2088 2657 2341 2752 repulsu
2358 2675 2626 2727 centum

335 2746 725 2826 hominum:
772 2754 951 2826 causa
959 2749 1164 2846 hujus
1198 2752 1576 2827 diversitatis
1600 2751 1842 2825 ostensa
1856 2752 1986 2825 fuit
2000 2754 2067 2824 in
2081 2750 2307 2826 nostro
2334 2776 2527 2852 opere
2540 2749 2627 2826 de

335 2850 430 2924 Vi
444 2848 712 2923 Pei-curs.
734 2899 756 2934 ‚
776 2851 1141 2950 pendetque
1155 2855 1235 2925 ab
1249 2855 1501 2951 energia
1513 2854 1768 2926 virtutis
1782 2854 2047 2927 motivae
2060 2850 2342 2951 expansae
2436 2878 2468 2924 r
2480 2850 2627 2923 uni-

332 2945 584 3021 versam
595 2950 839 3022 molem
852 2952 1119 3050 Navigii
1148 2948 1568 3050 praegrandisg
1615 2976 1762 3048 quae
1791 2972 1924 3025 tam
1958 2953 2296 3048 multiplex
2416 2970 2625 3044 itu-tu·-¹
2756 2999 2765 3010 ,

323 3045 424 3119 -ris
448 3048 715 3118 motivae
741 3049 1109 3134 Naviculae,
1151 3052 1400 3147 quanto
1429 3051 1598 3123 illius
1624 3054 1833 3124 moles
1858 3051 2106 3150 superat
2129 3047 2326 3143 hujus
2341 3050 2586 3121 molem
2603 3093 2627 3130 ‚

332 3149 409 3217 δε
431 3139 595 3215 ideo
618 3145 711 3216 vis
734 3141 1073 3240 percuffiva
1086 3196 1108 3232 ,
1151 3149 1188 3219 a
1207 3146 1438 3240 majori
1463 3150 1529 3222 vi
1557 3153 1806 3224 motiva
1818 3148 2101 3246 pendens
2109 3194 2133 3228 ‚
2182 3148 2400 3217 multo
2415 3143 2630 3233 major

241 3275 250 3282 ’
333 3238 465 3316 effe
478 3238 682 3314 debet
702 3290 724 3325 ‚
817 3245 1118 3331 namma,
1153 3272 1296 3345 quae
1326 3249 1364 3319 a
1390 3250 1631 3321 minori
1659 3251 1905 3319 virtute
1933 3244 2180 3313 motiva
2207 3239 2619 3336 producitur3

333 3361 462 3412 nec
473 3341 716 3413 mirum
836 3339 914 3415 ad
930 3346 1425 3445 extinguendam
1442 3343 1767 3434 majorem
1780 3338 1919 3413 vim
1937 3340 2255 3412 motivam
2282 3339 2457 3437 exigi
2468 3338 2625 3407 vali·

330 3435 597 3512 diorem
614 3439 750 3512 vim
763 3437 1153 3517 oefistentem
1167 3472 1187 3529 3
1241 3441 1394 3516 hinc
1409 3441 1487 3513 fit
1501 3461 1572 3513 ut
1584 3442 1789 3512 virtus
1803 3438 1998 3512 unius
2010 3433 2295 3509 hominis
2311 3431 2624 3531 impedire

328 3541 404 3610 δε
419 3539 791 3638 extinguere
802 3537 1002 3639 poffit
1014 3545 1153 3616 vim
1166 3539 1459 3637 pusillam
1470 3541 1760 3612 Lintrem
1776 3557 2177 3621 moventem,
2192 3557 2327 3607 non
2341 3534 2504 3607 vero
2518 3557 2631 3605 va-

327 3632 657 3719 stamyim
675 3640 992 3711 motivam
1019 3640 1291 3739 Navigii
1319 3636 1556 3712 eodem
1585 3635 1854 3739 prorsus
1883 3633 2095 3712 modo
2122 3631 2481 3732 inpendulis
2504 3634 2631 3730 pila

327 3732 536 3831 lignea
546 3785 568 3820 ,
581 3756 693 3809 aut
707 3739 982 3810 minoris
995 3736 1306 3853 ponderis
1315 3783 1339 3820 ‚
1358 3739 1505 3811 licet
1515 3737 1705 3834 aeque
1722 3733 2036 3811 velociter
2048 3752 2388 3806 moveatur
2400 3779 2425 3817 ,
2453 3756 2523 3805 ac
2538 3732 2636 3828 pi-

333 3829 610 3927 lagravis
621 3835 962 3929 plumbea,
996 3838 1102 3908 illa
1130 3857 1347 3907 tamen
1363 3836 1655 3909 {minori
1685 3836 1751 3908 vi
1784 3833 2030 3907 motiva
2057 3829 2477 3916 transvertur,
2526 3830 2638 3902 cui

333 3928 504 4004 a‘e’ris
537 3930 764 4010 inertia
777 3939 848 4010 δι
864 3934 1273 4038 corpulentia
1279 3933 1512 4038 potest
1520 3932 1994 4031 ejusimpetum
2006 3928 2341 4017 debilitare
2356 3930 2650 4007 &extin-

1431 4155 1438 4160 ,
1571 4040 1853 4135 (Mn).
2499 4042 2661 4128 guez

3180 659 3223 678 x
