3692 4534
774 247 1208 368 01421113454‘
1483 223 1811 354 JOH·
1904 246 2133 346 'ALQ
2216 245 2905 340 BQRELLJ

807 417 885 461 ne
914 406 1055 459 vacui
1076 381 1274 467 dum,
1301 378 1546 454 nedum
1559 398 1836 449 vacuum
1869 371 2255 475 impossibile
2268 397 2402 448 non
2422 371 2580 461 effe,
2625 368 2739 447 sed
2752 367 3103 447 necefl‘ario
3132 367 3375 470 requiri

777 472 1024 524 “c‘ffiffi‘
1076 481 1159 557 ad
1172 482 1366 554 talem
1383 499 1641 553 motum
1657 472 2096 548 efficiendum.

778 549 847 589 te.

1447 655 2434 731 PROPOSITIO
2528 652 3061 724 chxvn.

1083 829 1168 894 In
1198 814 1417 893 e‘adem
1428 818 1702 915 fitfflone
1725 846 1850 893 non
1870 818 2065 921 potest
2082 817 2368 916 fluidum
2393 812 2679 888 ambiens
2706 802 2966 885 omnini»
3000 834 3232 887 creata
3247 818 3371 914 spa·

1180 931 1281 990 tia
1309 943 1520 992 vacua
1548 922 1811 1017 replere.

1180 1075 1683 1152 Consideremus
1704 1075 1918 1176 postea
1942 1078 2269 1152 materiam
2285 1097 2664 1173 corpoream
2679 1123 2703 1159 ‚
2749 1097 2901 1167 quae
2926 1096 3246 1147 accurrere
3261 1070 3375 1146 de-'

1086 1177 1200 1250 bet
1216 1175 1297 1250 ad
1313 1175 1686 1272 replendum
1704 1175 1867 1249 illud
1895 1175 2161 1271 spatium
2176 1175 2455 1245 vacuum
2470 1223 2492 1258 ‚
2523 1171 2714 1270 quod
2737 1173 3171 1247 continenter
3192 1194 3364 1269 auge-

1087 1297 1198 1347 tur
1213 1274 1528 1349 mutando
1544 1274 1821 1373 figuram
1843 1302 1866 1359 3
1894 1271 2030 1346 haec
2043 1269 2336 1373 profecto
2352 1275 2641 1355 materia,
2663 1290 2771 1342 aut
2790 1271 3023 1343 mollis
3036 1319 3059 1352 ‚
3083 1271 3189 1344 vel
3205 1268 3370 1342 flexi·

1094 1375 1269 1454 bilis,
1298 1394 1405 1444 aut
1424 1371 1620 1444 fluida
1641 1370 1719 1444 fit
1732 1423 1754 1458 ‚
1785 1393 2077 1472 oportet3
2130 1380 2197 1444 &
2216 1371 2443 1469 procul
2456 1369 2667 1470 dubio
2683 1393 2820 1441 non
2834 1372 3088 1464 poterit
3112 1366 3374 1462 quamli-

1093 1472 1201 1542 bet
1214 1471 1488 1568 figuram
1505 1472 1830 1567 acquirere
1841 1521 1864 1556 ,
1901 1470 2059 1543 cum
2072 1493 2206 1543 non
2221 1489 2652 1565 componatur
2665 1493 2745 1540 ex
2758 1468 3017 1564 punctis
3029 1462 3376 1537 indivifibi·

1092 1570 1263 1643 libus
1275 1619 1299 1653 ‚
1327 1568 1431 1642 sed
1448 1594 1526 1639 ex
1537 1572 1822 1667 partibus
1832 1570 2123 1665 quantis,
2151 1568 2363 1652 duris,
2406 1573 2473 1639 δε
2486 1566 2816 1648 ficmratis,
2858 1562 3097 1637 &ideo
3111 1587 3246 1635 non
3256 1585 3370 1660 po-

1095 1670 1245 1739 terit
1257 1665 1734 1740 accommodari
1761 1667 1842 1741 ad
1868 1669 2147 1766 figuram
2161 1663 2352 1749 ναῦς,
2380 1664 2487 1737 seu
2515 1629 2698 1763 spatii
2724 1660 2812 1735 de
2825 1686 3002 1734 novo
3015 1662 3243 1742 creati,
3285 1661 3371 1730 ita

1098 1787 1176 1838 ut
1192 1767 1465 1836 omnino
1479 1813 1501 1849 ,
1532 1773 1599 1837 &
1611 1767 1870 1863 praecisc
1889 1789 2116 1837 omnes
2130 1764 2265 1858 ejus
2283 1767 2549 1860 angulos
2560 1765 2798 1860 repleat
2808 1788 2830 1845 3
2870 1758 3034 1857 finge
3048 1759 3216 1829 enim
3233 1756 3368 1851 api-

1102 1861 1243 1935 'cem
1263 1860 1855 1960 alicujusparticulae
1870 1861 2061 1938 durae
2072 1862 2355 1936 fluidum
2371 1862 2821 1958 componentis
2845 1857 3090 1956 praecise
3114 1875 3365 1926 accom-

1101 1959 1396 2044 modari,
1423 1965 1794 2057 replereque
1824 1962 2133 2058 angulum
2158 1962 2337 2059 spatii
2366 1961 2560 2033 creati
2579 2006 2603 2043 ,
2627 1955 2839 2055 postea
2874 1950 3362 2053 ampliatopauli·

1107 2060 1254 2154 sper
1272 2058 1510 2156 angulo
1537 2059 1754 2156 spatii,
1802 2078 2174 2157 oporteret,
2204 2078 2279 2131 ut
2308 2060 2578 2158 angulus
2596 2053 2831 2128 solidus
2855 2055 3027 2124 iliius
3054 2047 3365 2150 particula:

1106 2153 1326 2229 fluidae
1354 2155 1648 2229 obtufior
1674 2155 1892 2241 fieret,
1933 2157 2038 2227 vel
2064 2154 2315 2230 ibidem
2333 2179 2648 2229 accurrere
2675 2149 2935 2224 deberet
2946 2153 3219 2250 angulus
3232 2148 3368 2219 alte·

1108 2256 1243 2328 rius
1255 2254 1589 2352 particulae
1612 2276 1796 2354 aptus
1811 2253 1893 2329 ad
1921 2253 2302 2354 replendum
2319 2274 2739 2354 augmentum
2768 2248 3163 2350 praedictum
3185 2267 3372 2343 angu-

1109 2356 1273 2436 lare,
1300 2350 1489 2447 quod
1503 2351 1766 2426 aliunde
1784 2352 1939 2425 cum
1974 2353 2383 2426 continenter
2409 2353 2683 2425 cren-‚ere
2707 2348 3111 2446 ampliarique
3135 2344 3371 2441 suppo-

1111 2472 1296 2523 natur
1309 2498 1331 2531 ,
1352 2449 1658 2523 deberent
1669 2472 1991 2522 accurrere
2004 2452 2211 2550 apices
2225 2452 2676 2551 particularum
2692 2446 2966 2521 fluidum
2982 2460 3364 2540 componen-

1110 2553 1317 2630 tium,
1362 2570 1508 2641 quae
1538 2545 1844 2620 haberent
1877 2551 2145 2648 angulos
2176 2547 2415 2622 solidos
2444 2543 3109 2622 infinitismodisinter
3132 2537 3193 2611 se
3218 2538 3369 2609 inae-

1112 2646 1327 2740 quales
1342 2652 1406 2714 &
1425 2641 1824 2729 differenteS,
1854 2652 1921 2718 &
1934 2645 2006 2718 hi
2033 2645 2251 2745 postea
2266 2645 2703 2742 undequaque
2731 2666 3044 2715 accmrere
3070 2637 3373 2713 deberent

1111 2741 1500 2814 instantaneo
1530 2762 1721 2814 motu
1750 2741 1832 2815 ad
1860 2743 2161 2844 replenda
2184 2744 2519 2818 innumera
2544 2745 2813 2845 spatiola
2839 2741 2922 2815 de
2952 2765 3131 2815 novo
3147 2754 3373 2817 creata,

1112 2839 1297 2937 quod
1309 2837 1614 2940 profecto
1631 2866 1900 2915 omnem
1914 2841 2277 2916 humanum
2291 2864 2555 2944 captum
2570 2844 2845 2941 superat.

1425 3020 2417 3093 PROPOSITIO
2513 3021 3098 3095 CCLXVIII.

1118 3187 1202 3256 In
1233 3201 1414 3252 motu
1441 3180 1654 3278 fluidi
1692 3189 1868 3254 intra
1881 3179 2168 3279 fluidum
2197 3207 2412 3256 vacua
2426 3185 2701 3283 spatiola
2726 3205 3037 3256 creantur
3060 3204 3177 3282 per
3210 3175 3382 3250 breve

1215 3302 1463 3378 tempus
1481 3283 1994 3379 perfirverantes.
2334 3293 2341 3300 '

817 3456 1078 3507 nomon.
1219 3436 1688 3536 Perpendamus
1707 3439 1948 3514 deinde
1974 3461 2232 3513 motum
2249 3437 2435 3513 fluidi
2462 3440 2628 3513 intra
2655 3440 2716 3514 ei
2747 3438 3245 3541 homogeneum
3263 3434 3389 3536 flffl'i

820 3521 964 3580 '‘⁰¹''
985 3519 1097 3568 ²⁶²·
1125 3534 1284 3609 dum
1302 3586 1325 3621 ‚
1370 3545 1437 3609 δι
1455 3537 1606 3632 quia
1628 3585 1648 3620 ‚
1671 3560 1743 3608 ut
1757 3536 2077 3611 ostensum
2094 3535 2221 3623 est,
2246 3539 2565 3633 particulae
2580 3589 2602 3624 ‚
2617 3541 2907 3638 primum
2924 3541 3213 3615 fluidum
3226 3556 3388 3609 com·

1118 3657 1450 3796 ponentes,
1463 3660 1597 3707 non
1612 3634 1755 3707 sunt
1768 3633 2011 3722 fluidae,
2026 3658 2143 3708 nec
2156 3634 2570 3712 indivifibiles
2582 3686 2605 3720 ,
2619 3660 2738 3711 nec
2750 3640 3015 3723 molles,
3028 3661 3148 3714 aut
3159 3630 3387 3711 flexibi-

1115 3819 1124 3826 ι
1145 3752 1232 3808 es,
1244 3731 1396 3800 cum
1419 3734 1661 3834 semper
1673 3734 1740 3805 in
1756 3756 2162 3834 unoquoque
2178 3730 2655 3828 deveniendum
2674 3735 2754 3808 sat
2769 3734 2850 3809 ad
2860 3737 3199 3833 particulas
3209 3750 3389 3829 quan·

1125 3846 1218 3898 tas
1229 3819 1520 3922 figuratas
1532 3858 1667 3904 non
1683 3835 1909 3910 mones
1925 3869 1951 3917 3
1979 3851 2096 3905 nec
2108 3831 2333 3909 fluidas
2345 3880 2369 3916 ‚
2398 3855 2545 3928 quae
2562 3832 2847 3932 proinde
2865 3837 3148 3907 omnino
3168 3827 3386 3931 rigida:

1119 3931 1192 3998 ’δι
1213 3923 1394 3998 durae
1416 3921 1536 3995 effe
1555 3928 1797 4000 debent
1816 3931 2003 4002 certis
2033 3955 2103 4003 ac
2130 3930 2565 4007 determinatis
2592 3931 2816 4030 figuris
2826 3930 3112 4030 praeditae
3124 3959 3146 4019 3
3184 3926 3391 4024 imagi·

1127 4018 1579 4099 nemus-modo
1603 4021 1977 4118 hujusmodi
1989 4026 2177 4105 duras
2187 4029 2515 4132 particulas
2526 4027 2810 4133 fluidum
2822 4047 3285 4128 componentes
3306 4020 3390 4095 fic

3203 4142 3353 4219 (ΝΡ
