3692 4534
2815 0 2851 12 v

598 230 674 297 D
698 229 757 297 E
803 226 988 297 Mo
1010 225 1136 298 TI
1154 230 1227 296 B.
1271 228 1459 299 NA
1478 219 1559 299 T.
1604 217 1648 296 h
1681 228 2031 299 Gravitate
2057 230 2295 312 Fatua
2488 256 2597 334 343
2630 183 2900 328 mnam,

324 354 408 429 ab
424 354 577 425 AM
595 399 616 433 ,
632 348 843 422 adhuc
856 348 1098 441 reliqua
1110 369 1245 421 tota
1259 345 1394 437 eius
1414 346 1628 445 portio
1640 350 1769 420 DB
1786 349 2099 436 neffitur,
2111 347 2439 456 tangitque
2453 379 2601 453 por·
2671 374 2747 421 ne
2762 377 2900 425 vacui

319 455 575 526 tionem
592 447 941 539 subje&am
969 449 1133 530 MB;
1168 444 1375 542 postea
1392 494 1414 530 ,
1444 444 1876 544 perseverante
1904 450 2208 527 violentia
2227 502 2249 538 ,
2276 453 2602 530 divellitur
2625 435 2881 545 aemma·
2925 539 2928 542 Α

313 542 591 625 secunda
615 548 916 643 particula
930 549 1057 618 DE
1070 546 1318 634 abMN
1333 594 1356 628 ,
1384 545 1813 642 perseverante
1839 552 2145 622 contatfiht
2155 551 2222 623 in
2240 575 2374 626 tota
2387 556 2600 655 longi-

313 649 549 723 tudine
574 648 731 725 ΕΒ,
761 642 1504 741 deindetertiaparticula
1529 644 1639 717 EF
1673 643 2098 739 solummodo
2113 650 2194 723 ab
2208 656 2355 724 ΝΟ
2393 652 2599 753 segre-

312 767 546 847 gatur,
559 750 629 813 &
646 740 727 814 sic
742 741 1195 838 consequentes
1206 743 1477 836 reliquae
1493 763 1720 815 omnes
1736 747 2056 842 particulae
2069 770 2194 820 una
2206 748 2350 845 post
2366 754 2550 825 aliam
2573 779 2592 822 t

311 850 407 919 Et
421 842 538 918 hic
557 839 913 914 notandum
933 840 1026 914 est
1037 891 1059 926 ,
1088 838 1278 937 quod
1294 838 1421 915 siin
1437 842 1627 939 plano
1641 844 1762 916 CB
1788 845 2111 941 particulae
2124 851 2280 930 CD,
2295 852 2445 929 DE,
2460 855 2595 936 EF,

315 968 460 1016 non
472 938 672 1018 essent
685 960 935 1033 quantae
951 986 973 1022 ,
998 939 1105 1013 sed
1118 943 1297 1012 lineae
1311 940 1766 1024 transversales,
1794 964 1904 1015 aut
1918 947 2151 1039 puncta
2165 944 2595 1035 indivisibilia,

314 1066 463 1137 quae
492 1037 969 1133 consequenter
996 1035 1451 1111 divellerentur
1463 1042 1527 1110 in
1558 1037 1819 1141 singulis
1844 1040 2222 1117 instantibus
2249 1049 2594 1142 temporis,

305 1134 767 1237 proculdubio
781 1135 1066 1232 planities
1085 1138 1206 1208 CB
1234 1133 1640 1235 degeneraret
1650 1138 2339 1237 transformareturque
2368 1145 2433 1213 in
2452 1166 2606 1217 cur-

303 1263 459 1310 vam
482 1233 881 1333 superficiem
897 1283 920 1317 ,
947 1233 1134 1329 quod
1147 1233 1443 1330 profecto
1461 1237 1683 1309 contin
1734 1261 1837 1310 ere
1852 1260 1984 1310 non
1998 1234 2235 1337 posset,
2265 1238 2380 1310 nisi
2397 1242 2594 1315 solida

304 1332 538 1408 lamina
561 1337 688 1407 CB
703 1330 1018 1405 constaret
1032 1356 1110 1403 ex
1123 1334 1306 1405 lineis
1317 1261 1816 1406 transversalibus
1827 1383 1848 1419 ,
1864 1358 1970 1407 aut
1983 1361 2058 1409 ex
2074 1340 2327 1436 punffls
2342 1342 2482 1412 affl:
2498 1344 2598 1411 in-

303 1455 400 1507 ter
413 1437 473 1506 se
489 1430 719 1509 divisis
732 1430 1208 1530 contiguisque,
1221 1428 1305 1502 εὸ
1322 1428 1512 1523 quod
1525 1427 1955 1515 diversimode
1970 1435 2219 1506 moveri
2236 1442 2299 1506 δι
2313 1440 2492 1508 trans
2474 1463 2596 1535 po·

304 1524 373 1606 ui
386 1530 624 1609 debent
641 1528 727 1603 ad
739 1528 873 1603 hoc
891 1548 998 1612 ,ut
1010 1525 1355 1625 pascebam
1376 1527 1754 1601 curvitatem
1776 1530 2101 1622 acquirere
2114 1528 2374 1627 poffint.
2433 1540 2526 1608 At
2544 1534 2596 1608 fi

306 1627 538 1704 lamina
557 1628 982 1726 exparticulis
994 1624 1251 1720 quantis
1263 1648 1344 1696 co
1420 1623 1589 1696 oreis
1601 1624 1950 1710 constaret,
1987 1651 2260 1720 quarum
2290 1634 2594 1723 quaelibet

310 1729 586 1802 omnino
603 1722 1293 1801 dura&inflexibilisf
1329 1724 1343 1738 ⁰
1398 1743 1496 1809 et,
1521 1722 2258 1823 licetpostinflexionem
2274 1730 2594 1802 curvitatis

306 1830 742 1926 apparentiam
768 1822 1045 1894 sensibus
1066 1822 1558 1920 repraesentaret,
1605 1842 1818 1895 tamen
1846 1820 2119 1922 figuram
2137 1825 2459 1919 quandam
2477 1851 2594 1924 po-

304 1916 630 2019 lihedram
655 1944 738 1993 ex
769 1920 1057 2018 pluribus
1068 1922 1266 2016 planis
1288 1924 1455 2005 CD,
1486 1923 1655 2006 DE,
1678 1925 1962 2006 EF,&c.
1992 1921 2420 2021 compositam
2453 1922 2592 1999 effi-

305 2042 485 2097 ceret
497 2069 521 2104 ,
535 2027 602 2093 &
618 2038 774 2091 tunc
787 2018 968 2100 ,licet
977 2017 1300 2116 praedistae
1313 2020 1727 2118 planitieculae
1747 2017 2092 2094 successivo
2105 2044 2294 2094 motu
2311 2047 2432 2095 una
2446 2022 2592 2122 post

308 2123 502 2193 aliam
515 2122 553 2191 a
566 2116 853 2208 subjefto
870 2117 1058 2214 plano
1073 2116 1529 2191 divellerentur
1541 2167 1563 2203 ,
1592 2140 1806 2193 tamen
1823 2144 2241 2215 unaquaeqne
2257 2146 2472 2194 earum
2491 2125 2589 2194 ob

306 2218 596 2291 nativam
613 2215 747 2306 ejus
758 2214 1065 2286 duritiem
1079 2217 1496 2288 inflexibilem
1521 2236 1661 2289 tota
1688 2215 1885 2299 simul
1898 2224 1962 2289 δι
1979 2221 2048 2290 in
2080 2216 2331 2289 instanti
2355 2221 2590 2314 separa-

304 2337 489 2408 retur
500 2317 537 2387 a
551 2311 843 2404 subje&o
855 2313 1063 2410 plano.

402 2416 803 2514 Cogitemus
814 2410 1024 2484 modo
1051 2410 1175 2483 CB
1193 2407 1312 2484 esse
1337 2411 1637 2486 laminam
1653 2463 1675 2498 ,
1691 2413 1797 2487 seu
1812 2410 2240 2511 fragmentum
2256 2461 2277 2495 ,
2304 2410 2491 2507 quod
2507 2434 2588 2484 ex

310 2511 564 2611 integro
594 2533 925 2583 marmore
949 2511 1068 2581 AB
1096 2508 1544 2608 disrumpitur,
1575 2514 1804 2586 licetin
1833 2515 1980 2584 aeta
2005 2509 2380 2584 divulsionis
2406 2510 2590 2583 infle-

309 2612 765 2685 &aturlamina
796 2611 917 2681 CB
931 2659 953 2694 ,
984 2630 1192 2682 tamen
1206 2631 1340 2680 non
1356 2613 1624 2706 acquirit
1634 2606 1982 2709 perfe6tam
1999 2612 2377 2683 curvitatem
2398 2660 2421 2694 ,
2436 2610 2590 2705 quia

308 2730 438 2781 non
472 2710 903 2807 componitur
930 2731 1010 2780 ex
1036 2708 1288 2805 punffls
1314 2710 1459 2780 aftu
1473 2710 1641 2780 inter
1662 2710 1722 2779 se
1735 2708 2050 2791 discretis,
2078 2716 2143 2780 &
2171 2710 2591 2803 inaequalibus

306 2808 598 2882 motibus
612 2808 857 2907 agitatis
869 2854 893 2891 ,
912 2803 1019 2878 sed
1032 2804 1277 2878 constat
1291 2829 1371 2879 ex
1385 2806 1671 2902 partibus
1685 2807 1938 2901 quantis
1951 2854 1974 2888 ,
1994 2804 2297 2905 figuratis,
2312 2808 2589 2879 omnino

306 2902 484 2981 duris
503 2958 527 2994 ,
556 2905 900 3005 &rigidis,
946 2924 1023 2978 ut
1041 2901 1363 2977 ostensum
1380 2902 1470 2977 est
1481 2932 1503 2988 3
1538 2900 1822 3000 ideoque
1853 2906 1917 2976 in
1948 2902 2084 2995 eius
2113 2905 2459 2978 inflexione
2485 2930 2581 2978 ac·
2611 2916 2750 3025 Prgp·
2773 2918 2891 2971 26¹?

307 3006 515 3098 quiret
529 3009 815 3106 figuram
831 3028 911 3077 ex
930 3004 1220 3101 pluribus
1234 3000 1555 3077 faeieculis
1569 3050 1591 3086 ,
1616 3009 1686 3075 δε
1702 3029 1785 3078 ex
1797 3003 2090 3102 pluribus
2116 3006 2359 3104 angulis
2371 3005 2586 3078 solidis
2605 2983 2894 3090 {mucco-

310 3105 738 3203 compositam
753 3151 775 3189 ,
791 3112 858 3177 &
873 3099 960 3174 fic
976 3124 1199 3175 verum
1215 3100 1307 3174 est
1321 3152 1343 3187 ,
1372 3100 1560 3199 quod
1583 3104 1826 3202 integra
1847 3101 2176 3176 distraffio
2189 3152 2210 3185 ‚
2226 3110 2290 3173 δι
2307 3101 2585 3174 divulsio

303 3200 679 3288 successive,
713 3209 781 3275 &
796 3200 1174 3299 intempore
1183 3202 1568 3285 absolvitur,
1597 3221 1661 3273 at
1672 3224 2080 3295 unaquaeque
2093 3223 2173 3268 ex
2185 3200 2303 3269 illis
2313 3197 2585 3272 saciacu-

304 3298 380 3371 lis
405 3298 1489 3387 inflexibilibusasnbjffialamina‚
1529 3323 1682 3367 curn
1702 3323 1826 3391 qua
1858 3299 2034 3367 unita
2058 3302 2122 3367 Sc
2154 3299 2586 3392 conglutinata
2611 3302 2753 3367 1'101’·
2771 3301 2890 3368 ²⁶⁴2
2936 3323 2947 3329 ·

302 3418 473 3480 erat,
500 3393 961 3479 divellidebet,
993 3423 1125 3467 non
1145 3400 1205 3467 in
1241 3420 1569 3491 ternpore,
1621 3395 1722 3467 sed
1750 3403 1810 3467 in
1858 3395 2106 3467 instanti
2130 3447 2146 3478 ,
2182 3419 2250 3463 ut
2282 3392 2360 3463 tex
2402 3399 2586 3467 dictis

303 3490 689 3575 deducitur]
737 3495 981 3575 modo,
1021 3495 1165 3587 quia
1185 3495 1437 3591 spatiola
1457 3499 1553 3563 illa
1589 3519 1778 3567 vacua
1798 3499 2546 3591 prismzitiratriangiilaria
2566 3547 2586 3576 ,

305 3589 372 3664 in
402 3590 905 3675 instanticreata,
937 3615 1265 3687 nequeunt
1293 3595 1353 3663 in
1377 3591 1622 3663 instanti
1642 3599 1858 3691 repleri
1878 3647 1898 3675 ,
1926 3623 2130 3687 neque
2150 3599 2182 3663 31
2202 3595 2406 3663 solidi]
2426 3643 2442 3675 2,
2481 3619 2586 3667 ne-
2610 3626 2752 3691 Prop.
2774 3623 2884 3691 265.

307 3688 438 3789 que
469 3687 765 3771 afluidu,
797 3692 1109 3763 ambiente
1141 3715 1409 3787 corpore
1441 3695 1629 3763 etiam.
1666 3692 2006 3775 rarefaffio,
2046 3691 2586 3787 quandoquidem

312 3810 533 3864 motus
547 3840 570 3874 ,
584 3813 725 3887 quo
741 3815 885 3859 actu
901 3815 1061 3859 frere
1078 3787 1313 3860 debent
1329 3787 1405 3859 ad
1425 3795 1577 3863 illud
1597 3791 1742 3887 spari
1758 3815 1865 3859 um
1886 3791 2258 3887 replendum
2278 3795 2338 3859 in
2362 3791 2590 3863 fustan-

307 3885 661 3982 tifierinon
685 3887 889 3984 potest
917 3923 929 3971 Ξ
970 3887 1477 3983 [τᾳῡηπεῑεῐῖῌτὶῡ
1501 3911 1766 3959 vacuum
1790 3891 1986 3959 inillis
2014 3887 2582 3961 interstitiialaltem

312 4001 424 4079 Per
438 3986 705 4085 aliquod
729 3991 921 4063 brasc
945 4011 1193 4087 ternpus
1217 3987 1461 4063 admitti
1477 3984 1702 4075 debet,
1734 3999 1794 4063 ὃς
1818 3987 1942 4067 hm:
1962 3987 2190 4063 sufficit
2214 3988 2290 4063 :ul
2306 3991 2578 4157 prugum·
2649 4064 2657 4069 t

2466 4107 2603 4154 uma
