3692 4534
607 257 766 327 DE
808 257 915 322 M
924 252 988 322 Ο
1002 253 1124 322 TI
1132 255 1204 322 Β.
1249 255 1433 325 NA
1448 241 1528 325 7⁴.
1557 245 1602 325 ὲ
1642 258 1992 327 Gravitate
2025 255 2260 329 Panis.
2482 280 2591 359 323
2622 290 2887 345 mmm.

274 381 357 459 a!
379 408 690 456 vacuum
720 389 891 451 omni
907 403 1181 478 exparte
1194 381 1356 451 cedit
1369 428 1392 461 ,
1421 389 1639 478 'qnare
1651 382 1743 451 ad
1751 403 1999 454 omnem
2001 407 2259 481 partem
2257 387 2543 481 feretur.
2647 416 2723 463 ne
2753 412 2892 465 vacui

381 484 450 552 Si
475 481 626 553 haec
637 482 803 551 ratio
815 480 1084 559 valeret,
1130 480 1355 575 procul
1370 478 1608 562 dubio,
1659 482 1811 575 quia
1834 506 1996 575 aqua
2013 485 2202 553 maris
2231 485 2467 578 aeq'uali
2501 483 2591 561 fa.
2614 475 2859 589 peccemu-

264 581 524 654 ‘cilitate
535 576 722 650 cedit
742 577 966 650 virtuti
986 582 1251 649 motivae
1275 577 1455 674 piscis
1469 579 1966 674 omniexparte,
2013 575 2164 652 hinc
2185 578 2418 654 inferre
2445 584 2593 658 lice-
2670 572 2683 587 ⁸

255 699 405 763 ret,
458 672 847 844 ergodpiscis
861 675 1065 746 Fertur
1077 674 1311 747 eodem
1326 696 1622 772 tempore
1655 674 1735 747 ad
1752 701 2018 748 omnem
2038 699 2280 774 partem
2301 728 2323 762 ,
2350 682 2591 757 scilicet

249 776 530 850 sursum
547 821 570 855 ‚
685 781 949 845 eorsum
970 822 992 856 ,
1016 792 1195 855 ante,
1227 793 1434 855 retro,
1481 771 1561 844 ad
1576 769 1866 846 dextram
1881 826 1902 859 ,
1925 773 2228 847 sinistram
2248 824 2269 859 ,
2290 784 2414 850 διε.
2444 783 2587 851 ·Le·

318 878 514 946 xiima
533 870 745 968 igitur
757 869 955 942 illatio
969 869 1058 941 est
1071 919 1093 953 ,
1116 868 1302 964 quod
1324 893 1404 942 ex
1418 894 1500 941 eo
1519 869 1706 964 quod
1723 872 1992 968 spatium
2009 875 2191 945 omni
2205 897 2285 944 ex
2296 898 2473 974 parte
2487 899 2588 948 ce-

251 897 699 1044 {itliberum
717 965 806 1039 est
835 989 910 1041 ut
937 969 1184 1040 mobile
1198 990 1308 1064 per
1321 969 1874 1062 unamquamlibet
1894 971 2322 1044 direffionern
2348 972 2586 1048 feratur

261 1087 398 1168 per
417 1092 609 1150 eam,
662 1066 892 1140 scilicet
903 1090 1226 1163 perquam
1242 1067 1592 1162 impellitur
1620 1067 1699 1138 ab
1731 1065 1868 1157 ejus
1883 1071 2246 1154 vimotiva‚
2296 1071 2465 1144 &fic
2495 1075 2587 1146 nil

269 1162 713 1240 incommodi
727 1164 1014 1259 sequitur
1032 1212 1055 1246 ‚
1097 1161 1501 1261 proindeque
1517 1187 1789 1235 vacuum
1810 1190 1944 1238 non
1961 1170 2236 1239 tollitur.
2282 1172 2588 1266 Reliquis

267 1261 586 1335 :Ariston-
605 1261 964 1334 rationibus
991 1263 1394 1360 partimCap.
1413 1285 1511 1332 1o.
1539 1256 1989 1347 satisfecimus,
2035 1268 2268 1364 partim
2294 1270 2457 1339 verb
2485 1269 2585 1339 in·

279 1357 502 1438 feritis
515 1353 1076 1456 respondebimusss

281 1451 288 1458 ’
385 1450 671 1530 Interim
700 1459 858 1530 libet
885 1458 1094 1530 mirari
1123 1504 1146 1540 ,
1192 1454 1543 1552 quomodo
1585 1481 1670 1529 ex
1712 1454 1909 1548 hujus
1944 1453 2160 1531 farinae
2195 1459 2586 1559 argumentis

278 1554 572 1632 'tamfixe
592 1551 857 1653 persuasi
869 1552 997 1627 'fint
1008 1553 1366 1628 Aristotelis
1378 1558 1764 1638 Se&atore5‚
1809 1575 2124 1628 uteorum
2142 1560 2432 1640 nonnulli
2446 1557 2578 1631 aufi

282 1654 419 1727 sint
454 1650 717 1726 asserere
735 1657 961 1730 Deum
991 1658 1090 1726 O.
1105 1655 1203 1726 M.
1229 1653 1338 1726 sua
1362 1651 1615 1726 infinita
1645 1653 1885 1728 virtute
1918 1676 2052 1726 non
2068 1648 2245 1758 poss’e
2278 1655 2345 1725 in
2367 1679 2584 1727 rerum

278 1775 504 1827 natura
516 1749 860 1849 spatiolum
877 1749 1148 1846 aliquod
1159 1774 1435 1826 vacuum
1452 1773 1852 1826 coacervare.
2124 1775 2135 1784 ·

276 1839 287 1850 ”
378 1850 516 1924 Sed
542 1847 978 1946 procedamus
1005 1845 1088 1920 ad
1113 1853 1601 1946 argumentum,
1643 1848 1835 1942 quod
1868 1850 1934 1922 in
1974 1873 2090 1923 ore
2125 1847 2427 1923 omnium
2444 1854 2583 1924 Re-
2664 1849 2889 1925 Vulssffl·

279 1949 679 2026 centini-um
692 1948 1012 2028 versatur,
1055 1969 1137 2018 ex
1156 1969 1301 2041 quo
1327 1943 1794 2020 evidentiffime
1808 1969 2018 2047 patere
2046 1945 2259 2039 ajunt,
2305 1972 2580 2022 vacuum
2607 1924 2791 2026 32¹(
2808 1991 2894 2027 na-

282 2067 431 2118 non
446 2041 592 2115 dari
608 2042 678 2112 in
692 2066 904 2115 rerum
920 2062 1140 2140 natura
1153 2093 1176 2127 ,
1225 2040 1357 2116 hoc
1367 2042 1719 2120 desumitur
1733 2049 1815 2118 ab
1828 2047 2180 2120 innumeris
2191 2049 2585 2144 experimen·
2605 2049 2765 2151 {²3¹3
2809 2054 2895 2151 gg]

287 2141 415 2225 tis,
445 2140 699 2235 quibus
715 2139 957 2216 constat
970 2190 993 2227 ,
1040 2143 1240 2218 multa
1262 2165 1529 2239 corpora
1545 2144 1798 2218 moveri
1809 2167 2032 2218 contra
2052 2146 2374 2243 propriam
2393 2153 2459 2218 δε
2474 2171 2584 2219 na·
2609 2165 2840 2238 horrete·

281 2240 576 2310 ruralem
594 2239 1077 2308 inclinationem
1092 2237 1171 2308 ad
1196 2237 1679 2334 impediendum
1701 2266 1978 2313 vacuum
2000 2290 2022 2321 ‚
2069 2250 2134 2311 &
2155 2242 2421 2333 quando
2450 2268 2588 2324 non
2613 2226 2891 2298 probantia.

283 2334 472 2410 adest
498 2357 782 2434 corpus,
829 2332 1013 2427 quod
1033 2356 1352 2408 accurrere
1379 2334 1574 2433 poffit
1612 2329 1693 2407 ad
1715 2335 2084 2431 replendam
2110 2334 2425 2407 scissuram
2461 2335 2590 2409 five

278 2433 555 2532 spatium
571 2483 611 2519 ,
657 2431 847 2528 quod
858 2433 1042 2504 inane
1052 2456 1373 2505 remanere
1386 2432 1683 2518 deberet,
1697 2452 1858 2504 tunc
1878 2429 2163 2506 adhibita
2176 2456 2593 2528 quacumque

280 2533 353 2618 [vi
367 2555 650 2606 externa
663 2529 976 2628 praedista
990 2529 1320 2605 dissolutio
1334 2537 1401 2603 δε
1413 2527 1659 2603 sciss'ura
1672 2553 1868 2603 vacua
1882 2532 2074 2603 creari
2092 2555 2223 2604 non
2239 2530 2471 2628 potest.

383 2631 763 2730 Etprimo,
807 2626 1133 2702 fifollium
1148 2630 1389 2701 tabellae
1405 2631 1946 2726 comprimantur,
1996 2650 2104 2699 aut
2134 2628 2439 2714 diabetis‚
2488 2628 2596 2702 seu

291 2726 568 2830 syringae
585 2728 932 2801 embolum
946 2729 1148 2824 usque
1163 2725 1243 2800 ad
1257 2724 1539 2799 fundum
1559 2726 1923 2823 impellatur
1937 2777 1958 2808 ‚
2007 2746 2165 2799 tunc
2194 2726 2429 2800 retrahi
2459 2749 2595 2802 non

287 2844 620 2925 poterunt
631 2874 652 2910 ,
667 2827 873 2898 clauso
887 2825 1122 2898 infimo
1138 2823 1392 2897 orificio
1407 2873 1429 2909 ‚
1441 2825 1546 2896 vel
1562 2847 1723 2920 aqua
1738 2823 1803 2895 su
1813 2822 2017 2914 hiceta
2035 2833 2103 2897 δε
2117 2835 2425 2925 contigua
2437 2847 2595 2896 con-

296 2942 393 2996 tra
409 2924 550 3017 ejus
559 2943 860 2997 naturam
876 2921 1184 3018 ascendet,
1197 2947 1278 2994 ne
1290 2926 1707 3018 interceptum
1725 2921 1992 3021 spatium
2012 2926 2194 2997 inane
2207 2944 2550 2998 remaneat.

394 3022 478 3096 Id
497 3021 714 3120 ipsum
731 3022 1049 3119 contingit
1060 3023 1128 3092 in
1143 3021 1381 3104 andiis,
1417 3029 1481 3093 δι
1507 3018 1818 3093 machinis
1840 3020 2230 3106 stefibianis,
2276 3048 2433 3118 quae
2451 3021 2596 3092 vul-

297 3118 739 3218 ngrombae
767 3120 1421 3209 spiritalesvocantur,
1448 3119 1517 3192 in
1543 3119 1624 3191 iis
1646 3122 1879 3222 pariter
1915 3119 2186 3190 attrafiim
2217 3119 2487 3189 embolo
2517 3113 2599 3207 siff

300 3221 444 3290 mul
459 3244 634 3313 aqua
658 3216 793 3307 subj
802 3218 936 3288 effi
950 3216 1326 3289 sublevatur.

398 3313 711 3386 Secunde
733 3362 754 3393 ,
803 3314 870 3384 in
885 3316 941 3382 cl
1025 3311 1205 3409 sydra
1217 3310 1572 3410 irrigator-ia
1588 3327 1748 3400 aqua
1764 3306 2014 3402 oppleta
2027 3352 2049 3388 ‚
2082 3307 2148 3377 &
2163 3299 2469 3378 obturato
2501 3301 2602 3375 sua

303 3430 520 3507 pei-no
546 3434 661 3479 ore
676 3458 697 3492 ‚
717 3431 848 3478 non
866 3335 1093 3482 deffuit
1107 3433 1268 3504 aqua
1287 3434 1402 3505 per
1415 3402 1638 3476 infima
1652 3411 1861 3500 aperta
1873 3400 2258 3478 foraminula
2272 3453 2295 3489 ,
2309 3404 2399 3474 ob
2416 3403 2598 3475 vacui

309 3508 672 3598 timorem,
689 3503 874 3597 quod
896 3507 1056 3576 intra
1071 3511 1410 3592 cavitatem
1425 3498 1581 3573 vafis
1595 3525 1914 3600 remanere
1927 3498 2209 3575 deberet.

411 3602 664 3676 Tertio
679 3650 702 3684 ‚
747 3602 1033 3699 pariter&
1058 3603 1450 3678 cucurbitula
1463 3597 1708 3673 medica
1735 3596 1784 3671 fi
1800 3599 2096 3685 flamma,
2120 3602 2226 3672 vel
2247 3600 2371 3672 alio
2384 3593 2598 3670 modo

311 3703 431 3775 'net
445 3701 858 3785 excludatur,
899 3700 1316 3796 carnibusque
1329 3703 1701 3800 applicetur,
1746 3721 1896 3772 caro
1909 3698 2069 3797 ipsa,
2118 3705 2184 3771 &
2214 3697 2461 3800 sanguis
2486 3718 2586 3770 ac-

325 3818 597 3881 ,curmnt
609 3797 688 3874 ad
704 3795 1081 3897 replendum
1096 3799 1255 3872 illud
1271 3799 1560 3899 spatium.

427 3897 934 4004 Exgnisce&aliis
944 3895 1137 4004 ljujus
1160 3900 1408 4001 generis
1418 3895 1897 4092 apefimmtis,
1942 3915 2171 4002 putant
2200 3889 2595 4058 egidentiffg

1474 4004 1558 4084 (S
1641 4006 1712 4084 2)
2486 4010 2555 4086 ΞΠ

313 877 334 893 0
