3692 4534
2532 184 2573 209 Q

755 281 829 348 D
848 281 929 355 Ε·
957 283 1064 349 M
1077 277 1139 348 Ο
1162 278 1285 349 TI
1308 278 1382 347 B.
1428 278 1616 351 NA
1638 283 1717 355 T.
1766 272 1809 351 ἃ
1843 284 2195 353 Gravitate
2219 281 2458 355 Factis.
2674 308 2761 382 79

461 405 694 500 quieto
723 409 792 476 &
810 405 1166 501 tranquillo
1208 425 1550 478 moveatur
1577 403 1830 481 sursum
1861 408 2114 504 sponte,
2164 432 2298 481 non
2339 410 2501 485 vero
2528 435 2641 513 per
2658 441 2768 489 ex·
2785 402 2931 453 CAP·
2977 404 3057 457 W·

456 501 816 576 trusionem
844 501 1082 577 saetam
1120 507 1200 578 ab
1237 514 1382 576 a'e're
1412 505 1774 588 ambiente,
1834 504 2181 579 satisfacere
2225 510 2514 582 nitemur
2562 514 2769 588 addu-
2789 497 3067 614 ,Effffivgff

451 600 674 676 cendo
723 606 1164 701 experimenta
1214 605 1445 700 aliqua.
1541 605 1865 679 Videmus
1892 607 2065 679 enim
2096 603 2373 696 majores
2403 619 2470 683 δε
2500 637 2597 689 am
2648 614 2772 686 lio·
2790 637 2895 675 non
2908 627 3029 677 dni-

457 726 560 774 res
597 700 980 787 flammasin
1010 705 1303 776 Caminis
1338 705 1617 775 accensas
1632 728 1765 775 non
1790 705 1855 775 vi
1905 730 2041 789 ere,
2089 729 2206 778 nec
2221 704 2470 783 diutius
2484 733 2596 807 per
2622 710 2768 785 eve·

449 826 596 875 rare
623 850 646 884 ,
707 800 827 875 nifi
859 800 1022 876 adfit
1050 802 1257 876 aditus
1293 805 1426 875 ae’ri
1470 800 1553 875 de
1589 801 1754 874 foris
1797 730 2161 878 adgvenienti
2190 853 2213 888 ,
2275 828 2391 903 per
2432 833 2634 904 quem
2662 814 2762 883 in-

453 898 789 1000 grediatur
831 921 1066 975 ventus
1112 922 1457 1002 perpetuus
1485 952 1508 986 ,
1570 904 1689 997 qui
1717 896 1887 976 inte'r'⁸
1915 927 2099 975 crura
2127 910 2194 975 &
2220 901 2500 979 foemora
2527 914 2757 1007 Ignem

456 997 1013 1074 circumstantium
1047 1002 1327 1073 excurrit
1353 1001 1576 1077 versus
1603 1000 1932 1074 flammam
1949 1052 1973 1086 ,
2021 1001 2243 1099 estque
2272 1005 2609 1081 evidenter
2621 1008 2759 1080 sen-

457 1096 656 1171 fibilis
684 1147 707 1183 ,
737 1124 889 1173 nam
920 1098 968 1173 fi
996 1101 1308 1172 Cubiculi
1355 1098 1624 1173 Ostium
1676 1100 2040 1185 claudatur,
2090 1101 2355 1174 extenso
2381 1112 2603 1177 Panno
2654 1110 2759 1180 vel

454 1200 763 1283 Cortina,
792 1221 867 1272 ut
893 1196 1035 1271 fieri
1061 1197 1256 1282 solet,
1291 1195 1431 1271 haec
1459 1199 1720 1271 inflatur
1743 1200 2196 1300 versusIgnem
2213 1196 2508 1289 Camini,
2554 1226 2630 1276 ut
2644 1230 2753 1278 ve-

455 1300 599 1369 lum
622 1300 858 1382 Navis-3
909 1296 1055 1370 imo
1069 1299 1136 1370 in
1163 1298 1505 1370 Cubiculis
1530 1295 1827 1393 undique
1852 1299 2194 1398 diligenter
2208 1300 2431 1374 claufis
2450 1353 2474 1388 ,
2521 1304 2590 1376 in
2607 1306 2758 1399 qui·

460 1399 589 1470 bus
610 1406 717 1470 ae'r
757 1415 1057 1469 externus
1091 1395 1467 1493 subingredi
1506 1414 1782 1490 nequeat
1813 1445 1835 1480 ,
1882 1420 2017 1469 non
2044 1404 2287 1496 poterit
2324 1401 2587 1477 flamma
2616 1406 2752 1476 sur-

453 1496 611 1571 sum
646 1495 887 1593 impelli
913 1497 996 1568 ab
1022 1506 1200 1580 a‘e're,
1246 1495 1407 1590 quin
1442 1493 1851 1567 Cubiculum
1882 1496 2068 1567 inane
2096 1520 2454 1584 remaneat,
2495 1508 2561 1574 δι
2591 1523 2752 1576 tunc

453 1596 636 1697 Ignis
660 1594 922 1669 Camini
951 1595 1137 1667 nullo
1152 1595 1343 1692 paRo
1372 1589 1638 1666 accendi
1664 1590 1915 1688 potest,
1960 1617 2078 1667 nec
2108 1597 2175 1666 in
2206 1596 2534 1669 flammam
2551 1604 2752 1681 verti,

452 1716 566 1769 aut
588 1691 969 1793 perdurare,
1018 1690 1134 1766 nifi
1171 1689 1509 1765 Ostiolum
1543 1693 1647 1765 vel
1682 1688 1976 1765 foramen
2002 1688 2270 1788 aliquod
2290 1694 2512 1792 inipso
2527 1699 2753 1769 Cami-

441 1819 539 1868 no
566 1793 917 1893 aperiatur,
964 1800 1033 1866 δε
1061 1812 1219 1865 tunc
1243 1787 1433 1865 facile
1462 1792 1726 1866 flamma
1741 1789 2110 1865 accenditur
2128 1798 2196 1863 δε
2215 1791 2586 1892 perseverat.
2613 1799 2752 1871 Ra-

439 1896 544 1969 tio
571 1889 770 1987 hujus
801 1887 1579 1990 effeetuspendetnedum
1610 1888 2288 1990 abimpulsuflammae
2318 1891 2569 1968 sursum
2588 1944 2609 1980 ,
2640 1893 2750 1970 sed

443 1995 645 2067 etiam
672 1997 713 2066 a
743 1989 1162 2065 rarefafitione
1190 1990 1348 2062 aeris
1391 1987 1598 2088 prope
1627 1994 1859 2089 Ignem
1887 1988 2247 2076 existentiS,
2285 2016 2574 2089 eumque
2610 2018 2747 2066 am·

445 2092 690 2179 bientis
715 2114 829 2189 per
851 2112 1060 2164 totam
1097 2090 1360 2161 Camini
1410 2084 1890 2190 longitudinem
1922 2139 1947 2174 ,
1995 2092 2147 2185 quia
2176 2114 2412 2188 nempe
2443 2103 2550 2165 ae‘r
2573 2117 2747 2192 prae-

445 2189 667 2269 dietus
692 2193 773 2262 ab
799 2195 960 2290 Igne
973 2187 1306 2264 calefaotus
1334 2186 1556 2260 minus
1580 2190 1788 2286 gravis
1811 2184 1847 2258 's
1921 2188 2015 2259 cie
2045 2184 2371 2272 redditur,
2402 2208 2602 2284 quam
2636 2202 2747 2264 ae’r

445 2290 798 2375 Cubiculi,
825 2295 892 2362 ec
919 2313 1255 2373 externua,
1300 2288 1419 2384 qui
1446 2289 1482 2360 a
1505 2287 1790 2358 Camino
1879 2288 1892 2302 '
1953 2305 2055 2369 at3
2106 2284 2267 2356 Hoc
2296 2306 2510 2358 autem
2541 2289 2751 2361 neces?-

443 2389 613 2463 sario
638 2388 900 2466 advenit
930 2415 1012 2463 ex
1037 2389 1287 2491 legibus
1315 2383 1736 2468 mechaniciS,
1783 2390 1852 2455 δε
1897 2410 1979 2457 ex
2011 2381 2425 2458 Archimedis
2470 2383 2752 2460 demon-

437 2487 859 2567 stationibus
869 2517 892 2577 3
950 2485 1191 2563 necefle
1217 2488 1392 2560 enim
1408 2482 1539 2573 est,
1585 2505 1662 2556 ut
1691 2492 1800 2556 aer
1824 2486 2064 2570 rarior,
2095 2491 2163 2557 &
2183 2482 2404 2558 minus
2430 2488 2751 2587 gravitans

439 2591 699 2667 sursum
895 2590 1083 2662 llatur
1118 2589 1645 2686 exprimaturque
1661 2585 2012 2685 {graviore
2029 2593 2174 2656 ae're
2210 2587 2751 2660 circumambien-

441 2712 544 2776 te,
590 2689 747 2764 hinc
831 2712 860 2763 t
897 2711 973 2763 ut
1045 2685 1145 2761 ost
1190 2688 1506 2761 ascensum
1543 2684 1713 2755 illius
1741 2684 1901 2756 a’e‘ris
1932 2681 2217 2756 rarefaffi
2246 2707 2361 2782 per
2389 2684 2750 2761 Caminum

447 2789 856 2862 diminuatur
882 2813 1000 2865 mo
1026 2812 1090 2859 es
1119 2788 1273 2860 a'e'ris
1288 2783 1477 2884 ipsius
1491 2780 2021 2882 Cubiculiprope
2042 2832 2063 2866 ,
2093 2788 2160 2852 &
2177 2786 2344 2855 circa
2370 2783 2754 2875 Caminum.

451 2889 618 2959 Non
746 2892 1052 2963 emirum
1080 2884 1206 2971 est,
1253 2909 1508 2958 novum
1537 2894 1743 2956 ae‘rem
1762 2882 2085 2981 profluere
2106 2879 2185 2956 ad
2209 2880 2589 2981 replendum
2613 2889 2757 2956 Cu·

456 2986 661 3059 biculi
710 2991 952 3084 patium
982 3035 1006 3072 ,
1051 2993 1120 3059 &
1149 2983 1302 3061 haec
1334 2981 1425 3057 est
1453 2982 1668 3067 causa,
1716 3006 1913 3078 quare
1946 2982 2296 3082 percipitur
2328 3004 2558 3057 ventus
2610 2984 2757 3067 ille,

447 3090 528 3159 &
557 3081 888 3160 effluvium
916 3107 1343 3187 perpetuum,
1374 3082 1538 3157 dum
1574 3084 1834 3156 flamma
1872 3084 2140 3155 Camini
2163 3085 2360 3181 viget.

550 3182 938 3259 Praedistum
967 3186 1377 3260 ratiocinium
1408 3181 1776 3255 confirmari
1802 3179 2015 3280 potest
2042 3184 2078 3253 a
2105 3179 2547 3276 pulcherrimo
2565 3200 2754 3275 expe-5

439 3286 746 3361 rimento
774 3286 813 3357 a
838 3289 929 3361 D.
942 3284 1248 3363 Candido
1262 3284 1503 3358 Buono
1532 3282 1871 3355 Florentiae
1885 3274 2054 3350 mihi
2069 3279 2584 3349 communicato,

911 3464 1943 3544 PROPOSITlo·
2012 3460 2361 3532 LXI..

438 3639 725 3713 Trutinae
737 3631 1147 3731 aeqnifibmae
1157 3657 1292 3707 m
1305 3639 1505 3706 Lunx
1521 3626 2189 3727 excalefaeffasurshm
2206 3624 2509 3699 elevatur
2521 3619 2761 3721 extrav?

521 3731 665 3827 μὴ
668 3736 953 3835 pondere
967 3741 1148 3809 afris
1168 3780 1196 3818 ,
1237 3736 1564 3830 reliqum
1579 3736 1859 3805 Lmen
1870 3726 2241 3847 ambientiu-
2484 3758 2497 3767 ·
2694 3782 2711 3799 t

536 3895 698 3970 Erat
713 3898 893 3971 enim
910 3898 1199 3972 Trutina
1210 3890 1321 3985 seit
1334 3894 1566 3966 Bilanx
1577 3916 1767 3967 tantae
1783 3887 2201 3989 perfeetionis
2213 3939 2236 3976 ,
2282 3909 2357 3961 ut
2373 3878 2409 3958 a
2472 3884 2756 3981 uinquass
2810 3982 2817 3987 ἦ

433 3988 679 4099 gefima
694 4002 1083 4101 parteunius
1095 3990 1606 4082 GraniHordei,
1655 3989 2083 4070 imitamulto
2099 3990 2333 4068 leviori
2360 3984 2402 4063 f
2530 4007 2599 4060 ca
2628 3981 2752 4153 fig}
