3692 4534
617 279 775 356 DE
824 276 1004 348 Mo
1024 276 1152 348 TI
1173 279 1243 347 Β.
1291 274 1577 348 NAT.
1626 267 1669 346 >a
1708 233 2062 348 Gravitate
2094 278 2332 353 Fastis}
2518 287 2806 385 2830„
2841 335 2900 389 x,

293 407 454 489 ket
466 429 765 507 tempore
780 401 1215 477 determinato
1230 403 1502 502 spatium
1517 383 1772 476 certum
1790 391 2117 503 percurrat
2137 455 2161 491 ‚
2208 408 2326 480 ubi
2341 410 2499 484 vero
2514 437 2638 485 una
2695 436 2772 482 ne
2788 439 2937 504 :qui-

307 520 406 586 &
422 509 644 585 eadem
658 504 839 580 causa
856 508 1204 602 perseverat
1217 527 1352 575 non
1368 506 1597 577 variata
1611 553 1632 587 ,
1656 527 1774 577 nec
1790 505 2129 579 immutata
2142 554 2167 591 ,
2179 508 2430 583 necesse
2446 510 2538 585 est
2562 533 2639 585 ut
2658 506 2904 607 {egmon-

301 610 512 685 idem
527 606 798 683 effeffus
808 653 832 689 ‚
881 601 1205 680 descensus
1225 602 1538 678 nimirum
1554 604 1642 675 nil
1657 604 1923 702 prorsus
1937 607 2206 679 variatus
2218 611 2637 707 alteratusque
2662 624 2754 697 tali
2768 577 2906 677 333-

301 709 752 805 subsequatur
765 755 789 791 ‚
835 724 912 777 ut
925 702 1247 777 nimirum
1260 726 1414 777 cum
1427 724 1602 777 certa
1617 711 1686 776 δε
1704 703 2129 779 determinata
2144 710 2487 784 velocitate
2506 709 2641 797 fiat,
2657 699 2816 804 iffi
2825 705 2938 758 ἕω

295 810 536 926 igitur
549 806 724 882 idern
740 829 934 906 grave
969 807 1036 875 A
1048 853 1072 891 ,
1092 807 1147 877 B
1160 855 1183 889 ,
1208 809 1308 890 C,
1331 811 1458 877 &c.
1478 808 1675 878 unico
1697 810 1765 877 δι
1784 802 2223 881 determinato
2239 808 2447 910 gradu
2461 812 2641 886 velo-

299 910 543 984 citatis
556 906 812 980 moveri
836 903 1069 990 debet,
1114 929 1320 1000 quem
1349 903 1584 979 scilicet
1611 903 2042 980 determinato
2058 904 2198 998 ejus
2210 910 2484 1007 ponderi
2498 962 2521 995 ,
2567 936 2640 986 ac

303 1006 765 1084 confistentiae
781 1026 1001 1078 natura
1016 1001 1378 1104 affignavit3
1431 1027 1549 1079 nec
1562 1001 1789 1106 figurae
1815 1007 2082 1080 varietas
2118 1010 2184 1079 A
2200 1057 2223 1093 ,
2257 1012 2311 1082 B
2333 1061 2356 1095 ,
2392 1016 2456 1085 C
2509 1018 2640 1088 ὅτε.

299 1111 559 1208 a'uget,
607 1125 714 1180 aut
727 1102 1037 1180 diminuit
1065 1104 1200 1197 ejus
1230 1104 1478 1178 molem
1509 1105 2065 1203 quantitatemque
2100 1129 2481 1208 corpoream
2498 1161 2521 1196 ,
2570 1120 2643 1187 &

285 1205 617 1312 proinde
632 1203 891 1305 pondus
908 1203 1044 1296 ejus
1058 1228 1192 1278 non
1206 1205 1443 1290 variat,
1489 1228 1607 1278 nec
1624 1207 1844 1278 alterat
1859 1253 1882 1290 ,
1932 1206 2131 1306 igitur
2158 1205 2500 1304 praedistae
2534 1210 2637 1285 di-

297 1307 525 1384 versae
540 1305 776 1405 figurae
791 1328 870 1377 ex
886 1303 981 1384 sui
995 1326 1214 1378 natura
1227 1307 1361 1379 non
1380 1329 1457 1376 au
1507 1325 1616 1377 ent
1626 1353 1650 1389 ‚
1693 1328 1812 1377 nec
1827 1305 2135 1379 minuunt
2147 1303 2455 1382 effectum
2471 1308 2528 1402 ej
2536 1307 2636 1385 us-

297 1407 489 1486 dem
503 1405 850 1506 prementis
859 1405 1121 1479 virtutis
1132 1454 1157 1491 ,
1235 1407 1302 1479 ui
1317 1405 1432 1502 qui
1519 1402 1871 1478 ineffectus
1887 1404 1978 1481 est
1992 1430 2119 1480 una
2133 1413 2200 1480 &
2215 1405 2639 1488 determinata

295 1508 663 1586 velocitas.
681 1503 1044 1581 Videamus
1054 1529 1125 1578 m
1219 1508 1267 1581 ὸ
1281 1529 1360 1578 an
1373 1504 1601 1606 figurae
1615 1507 1910 1590 varietas,
1932 1506 2088 1580 licet
2101 1511 2480 1605 gravitatem
2495 1533 2638 1585 non

298 1608 565 1693 variet,
608 1600 805 1704 possit
818 1604 1043 1701 aliquo
1057 1605 1250 1703 paeto
1264 1606 1581 1702 impetum
1595 1611 1663 1678 &
1680 1605 2073 1680 celeritatem
2089 1604 2226 1696 ejus
2241 1611 2528 1692 alterare3
2561 1616 2639 1684 δε

295 1703 632 1827 profetsto
646 1703 779 1778 hoc
792 1702 1055 1777 videtur
1065 1700 1457 1803 impoffibile
1466 1754 1489 1790 ‚
1513 1705 1667 1800 quia
1680 1701 1920 1804 figurae
1934 1706 2321 1780 acuminatas
2348 1711 2440 1792 A,
2462 1712 2633 1793 C,·E

295 1831 378 1882 m
395 1827 614 1882 vacuo
626 1803 722 1874 nil
734 1802 995 1894 juvant,
1043 1824 1167 1874 nec
1178 1825 1402 1875 mrum
1417 1823 1675 1874 motum
1687 1801 1941 1876 facilem
1957 1804 2330 1877 celeriorem
2337 1829 2467 1902 que
2481 1805 2629 1882 red·

288 1903 527 1990 dunt,
571 1898 1119 1998 quandoquidem
1148 1900 1244 1973 ibi
1257 1896 1420 1973 nihil
1452 1902 1777 2000 penetrari-
1795 1924 1903 1978 aut
1932 1905 2256 1978 removeri
2272 1905 2437 1978 esuo
2467 1907 2631 1980 loco
2758 1945 2761 1948 “
2844 1973 2853 1982 t

293 2004 562 2084 debet:
609 2001 970 2096 pariterque
981 1998 1218 2101 figurae
1249 2000 1485 2098 amplae
1505 2023 1579 2073 ac
1591 2000 1863 2077 dilatatae
1899 2003 1955 2073 B
1970 2050 1996 2087 ,
2029 2006 2100 2075 D
2116 2053 2138 2089 ,
2175 2010 2244 2076 δι
2278 2007 2327 2075 F
2365 2007 2627 2081 nullum

295 2098 874 2202 impedimentum
889 2122 961 2173 ac
973 2124 1301 2175 remoram
1316 2119 1510 2174 motu
1524 2126 1747 2175 earum
1765 2104 1833 2174 in
1867 2124 2075 2177 vacuo
2106 2100 2386 2178 afferunt
2397 2155 2420 2191 ‚
2520 2095 2623 2182 uia

299 2199 647 2279 nimirum
661 2198 907 2278 ibidem
923 2200 1013 2274 nil
1027 2199 1287 2300 prorsus
1313 2197 1593 2286 obfistit3
1645 2201 1667 2273 i
1717 2201 1850 2274 itur
1862 2202 2171 2315 quaelibet
2191 2201 2429 2304 figura,
2467 2132 2616 2283 ¹sive

300 2301 686 2379 acuminata
696 2350 720 2386 ‚
765 2297 895 2375 five
908 2298 1160 2376 dilatata
1176 2300 1372 2396 aeque
1384 2226 1742 2374 commoda
1756 2301 1879 2374 erit
1892 2322 1960 2371 tn
1975 2323 2181 2373 vacuo
2195 2348 2218 2385 ,
2239 2324 2358 2373 nec
2372 2306 2621 2399 poterit

299 2405 586 2480 aiterare
601 2402 1009 2477 velocitatem
1022 2449 1046 2485 ,
1091 2424 1243 2497 quae
1260 2395 1474 2473 eidem
1504 2401 1765 2499 corpori
1779 2399 1961 2498 gravi
1975 2400 2339 2474 naturaliter
2349 2424 2619 2499 compe-

291 2506 407 2581 tit.
555 2500 907 2603 uapropter
935 2497 1113 2573 idem
1127 2523 1323 2601 grave
1334 2499 1847 2598 quomodoiibet
1860 2496 2213 2599 figuratum
2246 2497 2473 2574 eadem
2506 2525 2618 2574 ve-

173 2633 190 2648 ·
293 2605 577 2678 locitate
608 2627 676 2674 m
700 2621 912 2676 vacuo
943 2596 1281 2676 descendet
1305 2649 1330 2687 ,
1376 2599 1564 2698 quod
1591 2597 1821 2675 fuerat.
1889 2601 2112 2675 Aliter
2126 2597 2301 2675 idem
2317 2598 2615 2676 ostende-

301 2721 452 2777 tur.
557 2703 900 2802 Qniam
914 2724 1185 2801 corpora
1198 2697 1612 2801 homogenea
1623 2707 1692 2773 &
1703 2699 1972 2795 aequalia
1985 2748 2007 2783 ,
2053 2697 2161 2773 sed
2174 2697 2615 2777 diversimode

303 2798 602 2905 figurata
613 2800 943 2876 continent
955 2800 1283 2900 particulas
1295 2795 1732 2900 homogeneas
1749 2799 1917 2872 inter
1928 2798 1987 2878 se
2004 2800 2305 2894 aequales,
2327 2806 2395 2872 δε
2412 2813 2613 2897 aeque

301 2904 577 2976 veloces
588 2924 668 2975 ex
680 2900 774 2973 sui
787 2916 1042 2988 natura,
1095 2921 1257 3000 ergo
1272 2896 1320 2971 fi
1341 2900 1431 2971 ob
1454 2897 1690 2999 figuras
1702 2896 1976 2973 diversas
2005 2899 2424 2998 inaequalibus
2440 2905 2617 2974 velo-

299 3004 620 3078 citatibus
633 3000 1028 3079 descendunt
1040 3004 1176 3074 inte
1258 3022 1578 3097 acorpora
1608 3002 1887 3097 aequalia
1913 3001 2082 3074 inter
2110 3000 2170 3075 se
2183 3050 2205 3084 ,
2254 2996 2386 3074 hoc
2401 2999 2482 3072 ab
2501 3000 2617 3072 ali-

297 3125 448 3200 quo
463 3101 952 3201 impedimento
965 3024 1427 3200 procfiffiubio
1443 3097 1766 3200 dependet
1779 3151 1801 3186 ,
1836 3100 2082 3175 scilicet
2099 3101 2178 3173 ab
2192 3120 2457 3172 externo
2471 3121 2619 3169 cor-

292 3225 466 3303 pore
482 3201 709 3276 fluido
723 3249 746 3286 ,
791 3202 859 3273 in
875 3224 1016 3297 quo
1047 3222 1425 3289 moveatur,
1458 3204 1562 3276 vel
1587 3202 1861 3299 ipsemet
1887 3197 2212 3290 particular
2243 3193 2482 3291 figuras
2508 3215 2619 3266 va-

293 3304 426 3376 rias
437 3319 924 3394 componentes
936 3300 1177 3374 mutuo
1191 3299 1250 3372 se
1265 3299 1634 3398 impediunt
1646 3302 1717 3365 in
1731 3313 1970 3362 eorum
1983 3287 2282 3363 descensu
2295 3339 2316 3373 ‚
2335 3289 2447 3363 sed
2462 3314 2621 3363 neu-

293 3419 420 3476 tro
438 3394 666 3468 modo
678 3393 974 3468 transitus
991 3394 1292 3492 impediri
1306 3393 1569 3495 poss‘unt
1580 3441 1604 3480 ,
1652 3413 1803 3463 nam
1818 3389 1887 3461 in
1902 3409 2108 3463 vacuo
2121 3414 2256 3461 non
2271 3385 2355 3464 ad
2368 3386 2460 3462 est
2474 3388 2622 3464 flui-

291 3495 482 3578 dum
499 3489 964 3591 impediens&
976 3494 1296 3589 particulae
1310 3493 1666 3567 universam
1683 3486 1941 3564 massam
1955 3511 2445 3591 componentes,
2460 3487 2618 3563 cum

302 3601 524 3694 aeque
549 3592 804 3693 veloces
816 3615 896 3668 ex
914 3592 1010 3665 sui
1040 3611 1258 3666 natura
1272 3591 1430 3679 fint,
1464 3616 1598 3666 non
1612 3583 1876 3694 pussant
1889 3592 2011 3665 sese
2026 3590 2265 3667 mutuo
2282 3585 2622 3676 retardare,

297 3691 1292 3878 &uffiffiaffi‘ffl
1304 3689 2259 3894 ‘ffiffi'tssffiffi‘a‘ffl
2277 3689 2621 3867 vssiffiie‘ss

1251 3845 1280 3883 5
2231 3843 2252 3867 ·
2612 3875 2621 3886 ,

309 3891 1396 4003 nodbaddiamssropofitionem.

1390 4100 1583 4185 (Nn
1629 4031 1758 4190 2)⁴
2304 4096 2358 4165 P
2400 4087 2477 4162 R
2519 4081 2629 4158 0-'
