3692 4534
654 237 1080 344 φιληδῶ
1421 223 1752 325 Joff
1839 226 2061 299 AL·
2150 217 2841 328 BOREL-LJ

656 398 837 448 Gravia
882 400 936 447 i„
964 381 1097 452 que
1110 351 1635 429 minutasecunda
1652 401 1673 436 ,
1717 350 1932 426 noster
1944 349 2105 424 vero
2121 347 2395 423 calculus
2408 347 2735 421 minorem
2750 346 3356 443 inaequalitatem

652 461 805 536 auiae
821 475 906 535 vf-
965 453 1193 537 efficit,
1240 452 1404 528 dum
1419 454 1593 525 enim
1616 453 1743 550 pila
1773 445 2416 550 plumbeadescendit
2440 445 2987 546 spatiumaliquod
3024 448 3125 520 in
3168 473 3359 524 uno

655 526 906 637 {2⁶2¹}ssss
943 541 1232 627 ‘minuto
1261 550 1580 635 secundo,
1629 551 1952 650 argillacea
1992 550 2312 624 insumere
2339 545 2534 620 debet
2549 544 2691 621 duo
2725 545 3351 625 minutasecunda

656 651 947 764 2²¹²¹J¹g⁰ge⁴
971 653 1225 727 tantum
1240 702 1261 734 ,
1285 676 1432 746 quae
1446 651 1715 723 varietas
1741 647 2018 749 pendere
2032 646 2293 724 videtur
2308 672 2391 720 ex
2406 671 2489 718 eo
2501 696 2523 730 ,
2537 644 2728 741 quod
2740 646 3142 720 velocitates
3158 644 3344 722 fue-

677 729 782 827 zee‘f‘
832 727 857 763 ε
971 754 1172 826 runta
1187 750 1535 824 Mersenno
1551 749 1892 824 observatae
1908 749 1975 822 in
1992 743 2183 821 valde
2199 748 2459 845 prolixo
2472 744 2672 843 spatio
2687 794 2711 829 ,
2756 748 2872 819 ubi
2886 742 3107 818 medii
3126 772 3336 822 con-
3406 829 3415 834 ,

973 849 1154 924 fisten
1162 850 1247 921 tia
1262 898 1284 932 ,
1305 856 1372 921 δε
1432 850 1606 922 luten
1624 846 1812 922 valde
1828 848 2089 921 alterant
2104 893 2127 931 ,
2159 852 2226 918 δε
2240 865 2474 944 augent
2491 845 2948 939 inaequalitates
2959 845 3335 921 velocita-

973 971 1158 1031 tum,
1204 972 1349 1043 quae
1390 974 1412 1019 ι
1437 948 1637 1043 prope
1662 947 1923 1020 initium
1953 968 2179 1018 motus
2195 945 2540 1026 observata
2578 941 2875 1026 fuiffent,
2906 950 3159 1041 procu]
3180 945 3326 1022 du-

974 1048 1090 1120 bio
1127 1071 1268 1162 non
1294 1043 1649 1122 habuissent
1676 1045 2088 1144 quintuplam
2117 1092 2142 1129 ,
2185 1042 2295 1116 sed
2325 1040 2798 1115 tantummodo
2828 1042 3079 1142 duplam
3117 1069 3327 1143 pro-

1019 1168 1375 1222 omnnem.
1606 1217 1616 1226 ,

973 1169 1017 1244 p
1067 1247 1246 1316 Hinc
1259 1266 1535 1339 quoque
1555 1240 1908 1318 deducitur
1947 1238 2260 1338 imperitia
2281 1261 2514 1311 eorum
2538 1288 2562 1324 ,
2608 1240 2766 1334 qui,
2814 1238 2981 1314 dum
2998 1243 3313 1339 experiri

973 1343 1204 1416 volunt
1215 1391 1238 1425 ,
1285 1365 1363 1413 an
1387 1365 1656 1438 corpora
1671 1340 2067 1437 inaequaliter
2088 1340 2305 1440 gravia
2320 1337 2710 1412 descendant
2725 1342 3164 1435 inaequalibus
3178 1369 3319 1417 ve·

973 1442 1378 1525 locitatibus,
1407 1460 1636 1538 putant
1663 1438 1795 1514 hoc
1806 1439 1945 1513 fieri
1961 1439 2196 1515 debere
2210 1439 2431 1511 nonin
2448 1438 2735 1537 exiguis,
2779 1438 2891 1512 sed
2910 1442 2978 1511 in
3009 1442 3313 1537 prolixis

707 1570 756 1590 -·
973 1533 1372 1614 descenfibus
1394 1587 1417 1622 ,
1451 1546 1520 1614 δι
1547 1535 1704 1611 ideo
1733 1540 2073 1612 observant
2100 1537 2556 1632 inaeqmlimtes
2584 1537 3004 1638 velocitatum
3035 1561 3313 1637 corpo-

974 1638 1209 1710 rumin
1226 1648 1372 1712 a‘e're
1385 1634 1907 1714 descendentium
1938 1640 2019 1710 ab
2049 1631 2355 1708 altiffimis
2384 1636 2714 1720 turribus,
2761 1637 2869 1707 ubi
2900 1638 3307 1713 velocitates

975 1737 1311 1833 plumbi&
1325 1727 1758 1835 argillae'valde
1773 1732 2087 1807 differunt
2108 1729 2275 1808 inter
2294 1733 2357 1806 se
2371 1782 2394 1819 ,
2442 1757 2601 1806 cum
2632 1755 2835 1807 tamen
2862 1735 2926 1805 in
2944 1733 3301 1815 breviori-

986 1836 1107 1908 bus
1121 1833 1564 1909 altitudinibus
1579 1837 1762 1906 nullo
1773 1832 1953 1907 sensu
1966 1831 2277 1931 distingui
2290 1828 2533 1932 poffint
2548 1857 2776 1907 eorum
2790 1833 3289 1928 inaequalitates,

983 1955 1137 2005 cum
1153 1935 1350 2006 ambo
1363 1930 1601 2006 eodem
1615 1953 1911 2029 tempore
1922 1931 2077 2005 ferri
2098 1933 2456 2006 videantur.
2552 1936 2644 2005 Et
2658 1954 2999 2028 antequam
3011 1935 3291 2006 ulterius

982 2030 1439 2125 procedamus,
1475 2027 1815 2104 afferemus
1828 2030 1988 2103 duas
2007 2032 2422 2132 experientias
2446 2051 2668 2102 contra
2700 2052 3007 2130 negantes
3021 2053 3287 2106 motum

983 2131 1397 2202 acceleratum
1420 2125 1779 2203 solidorum
1807 2152 2163 2228 corporum
2194 2131 2358 2202 intra
2378 2141 2635 2224 aquam}
2694 2135 2762 2200 δι
2791 2129 3028 2226 primo
3058 2133 3126 2203 in
3168 2130 3295 2205 de-

985 2221 1205 2306 scensu
1234 2229 1429 2325 pilam
1458 2229 1825 2327 plumbeam
1842 2228 1969 2301 feta
2000 2227 2239 2323 equina
2263 2224 2555 2327 suspendi
2585 2274 2608 2309 ,
2650 2224 3005 2300 habentem
3032 2227 3293 2304 inferne

989 2351 1176 2402 acum
1193 2326 1456 2400 infixam
1471 2373 1492 2408 ,
1505 2349 1779 2419 eamque
1798 2325 2029 2397 demili
2049 2326 2213 2396 intra
2228 2349 2460 2420 aquam
2474 2326 2539 2397 in
2556 2323 2820 2399 diverfis
2831 2325 3291 2402 altitudinibus

991 2427 1033 2496 ὶ
1061 2423 1275 2498 fundo
1308 2446 1448 2495 cera
1473 2422 1862 2506 inm-ustam,
1911 2445 2067 2495 tunc
2082 2421 2219 2496 vidi
2247 2448 2434 2495 acum
2448 2422 2833 2522 profundius
2852 2446 3056 2496 ceram
3075 2446 3285 2522 pene-

995 2530 1194 2601 trare,
1240 2518 1806 2611 quoasublimiori
1819 2519 2156 2593 altitudine
2170 2524 2292 2619 pila
2305 2520 2669 2596 decidebat.
2757 2529 2831 2594 In
2845 2523 3090 2593 astensn
3107 2524 3281 2598 νει-ὸ

997 2615 1231 2711 sumpsi
1257 2611 1648 2688 leviffimum
1685 2618 2005 2690 calamum
2033 2620 2428 2705 anserinum,
2470 2618 2738 2716 ejusque
2767 2619 3067 2694 infimum
3094 2621 3287 2695 orifi-

998 2713 1174 2784 cium
1208 2710 1419 2786 frusto
1451 2716 1700 2811 plumbi
1717 2715 1996 2814 perfecie
2012 2720 2349 2802 obturavi,
2378 2739 2575 2815 atque
2591 2721 2825 2793 bacillo
2838 2715 3107 2794 demersi
3125 2723 3289 2794 cala·

997 2835 1188 2918 mum
1205 2811 1451 2885 directe
1481 2811 1645 2886 infra
1658 2840 1890 2908 aquam
1908 2864 1930 2900 ,
1978 2819 2047 2888 in
2073 2816 2527 2908 majoritamen
2556 2817 3039 2916 profunditate,
3085 2823 3288 2914 quam

998 2930 1136 2995 ejus
1149 2908 2066 3010 naturalisgravitasexigebat,
2112 2936 2301 3000 tunc,
2351 2938 2576 2989 amoto
2590 2918 2855 3003 bacillo,
2900 2919 3173 2990 calamus
3186 2917 3291 2992 di-

998 3003 1173 3077 ιεᾶὲ
1187 3053 1210 3089 ,
1241 3011 1308 3077 &
1322 3006 1929 3104 perpendiculariter
1940 3010 2269 3088 horizonti
2284 3012 2682 3089 ascendendo
2696 3037 2872 3089 extra
2884 3042 3118 3113 aquam
3133 3041 3289 3115 pro·

997 3101 1177 3188 filiit3
1229 3107 1618 3207 notaviergo
1634 3106 2041 3181 altitudinem
2069 3113 2287 3198 saltus,
2336 3113 2552 3213 postea
2563 3113 2964 3211 profirndiirs
2976 3120 3287 3189 calamum

994 3201 1160 3276 infra
1187 3228 1419 3298 aquam
1463 3202 1769 3304 depreffi,
1812 3215 1883 3281 δι
1910 3210 2133 3283 notavi
2163 3259 2187 3294 ,
2232 3233 2495 3285 remoto
2525 3212 2755 3285 bacillo
2793 3264 2816 3298 ‚
2862 3215 3114 3312 semper
3141 3237 3291 3312 pro-

857 3317 868 3332 ·
992 3302 1292 3373 lixiorem
1324 3304 1551 3375 saltum
1593 3306 1772 3402 supra
1799 3321 2037 3403 aquam
2062 3313 2376 3383 calamum
2405 3308 2717 3394 effeciffe,
2760 3335 2967 3412 prout
2994 3316 3032 3385 a
3060 3313 3291 3402 majori

994 3397 1432 3497 profunditate
1443 3400 1868 3492 ejusascensus
1880 3408 2136 3481 initium
2150 3408 2470 3493 sumebat3
2506 3408 2722 3510 modo
2734 3413 2894 3508 quia
2916 3438 3055 3485 non
3074 3416 3190 3487 alia
3205 3410 3289 3483 de

997 3497 1176 3571 causa
1189 3500 1464 3571 calamus
1498 3500 1676 3596 supra
1690 3527 1922 3597 aquam
1937 3504 2307 3602 posiliebat,
2351 3532 2555 3605 quam
2571 3512 2663 3583 ob
2680 3513 3007 3610 impetum
3022 3506 3290 3608 acqnifi-

998 3615 1144 3668 turn
1160 3597 1242 3668 ab
1256 3598 1396 3698 ipso
1407 3597 1477 3668 in
1495 3597 1741 3673 ascensu
1772 3625 1890 3700 per
1904 3627 2087 3699 aquae
2106 3606 2620 3706 profunditatem
2637 3659 2660 3695 ‚
2686 3631 2873 3709 patet
2905 3609 3090 3705 quod
3102 3611 3293 3681 saltus

997 3694 1182 3802 alti-or
1193 3694 1473 3805 produci
1488 3695 1760 3773 debuita
1773 3698 2245 3781 vehementiori
2272 3708 2617 3783 velocitate
2629 3709 2688 3803 ej
2695 3709 2924 3785 uidem
2942 3708 3159 3783 calami
3186 3730 3291 3782 ac·

1001 3787 1229 3883 quisita
1243 3794 1312 3863 in
1333 3819 1388 3883 ej
1398 3819 1471 3868 us
1483 3795 1730 3872 ascensu
1744 3801 2113 3898 prolixiori.

3186 4007 3293 4078 De
