3692 4534
679 207 830 281 DE
875 209 1054 278 Mo
1071 208 1272 279 Tm.
1317 209 1413 276 N
1415 212 1499 279 A
1513 212 1591 278 7.
1637 201 1681 276 k
1715 210 2067 279 Gravitate
2091 210 2328 282 Fastis.
2533 207 2662 307 2‘77
2685 271 2829 320 CAF.
2868 272 2929 318 Χ.

358 349 535 401 terea
550 325 867 423 respecstus
881 325 987 397 stu
998 326 1339 421 proportio
1357 325 1526 398 inter
1554 329 1816 420 plenum
1825 332 1901 419 βε
1916 348 2193 398 vacuum
2226 323 2659 401 consideratur
2719 369 2795 417 D,
2815 364 2964 432 aqui-

361 428 436 498 in
453 423 683 498 ordine
700 422 778 495 ad
803 423 1341 521 impedimentum
1358 472 1380 508 ,
1427 422 1750 518 quatenus
1771 423 2050 522 privatio
2074 431 2139 494 δι
2162 427 2437 498 carentia
2456 428 2655 523 impe·
2678 441 2930 495 ‘empost-

305 575 316 586 -
363 523 640 599 climenti
654 518 848 620 ipfius
861 523 1043 594 vacui
1069 523 1306 593 nullam
1336 519 2055 618 proportionemhabet
2070 522 2150 596 ad
2167 546 2395 595 verum
2415 528 2656 597 &reale
2678 506 2772 603 ῗξιῖ
2820 504 2961 604 3333

357 621 904 718 impedimentum
920 622 957 692 a
971 617 1192 691 medio
1207 624 1397 718 pleno
1411 619 1806 718 productum
1829 669 1856 705 ,
1908 617 2090 693 ficuti
2105 622 2271 694 inter
2289 618 2569 694 nihilum
2590 630 2654 696 &
2675 618 2825 689 ‘im‘
2840 630 2952 686 8¹²⁴.

359 745 473 794 ens
496 722 667 792 nulla
680 717 871 792 datur
883 722 1253 816 proportio.
1615 797 1622 801 ,
2677 695 2828 734 'mm'

456 818 820 892 Videamus
846 816 1060 894 modo
1089 840 1167 888 an
1200 816 1499 890 velocitas
1523 814 1810 909 ejusdem
1842 818 2104 890 mobilis
2116 819 2444 915 tantopere
2457 820 2661 896 varia-

358 917 419 990 ri
447 915 681 990 debeat
707 916 776 987 in
805 937 1013 988 vacuo
1058 921 1126 987 &
1156 916 1221 986 in
1238 919 1469 1014 plene,
1496 936 1574 989 ut
1586 914 1949 989 resultantes
1983 919 2351 989 velocitates
2378 914 2658 991 debeant

361 1012 618 1087 infinite
667 1013 833 1085 inter
851 1033 860 1042 ⁸
878 1016 941 1085 se
982 1011 1210 1087 distare
1259 1037 1332 1086 ac
1377 1010 1640 1088 differre
1673 1060 1697 1097 ,
1721 1049 1733 1061 ·
1758 1013 2331 1109 quemadmodum
2378 1019 2656 1091 carentia

357 1109 860 1210 impedimenti,
907 1109 1014 1184 seit
1042 1108 1320 1203 nihilum
1354 1111 1437 1186 ad
1477 1108 2020 1209 impedimentum
2065 1114 2270 1210 ipsum
2314 1115 2475 1186 reale
2511 1119 2653 1187 nul-

354 1213 486 1283 lam
523 1205 1018 1309 proportionem
1049 1206 1262 1283 habet.
1321 1216 1415 1284 Et
1453 1209 1926 1306 proculdubio
1954 1210 2180 1305 quoad
2207 1213 2551 1285 carentiam
2581 1220 2649 1287 δε

352 1310 785 1407 privationem
813 1305 1261 1405 impedimenti
1285 1311 1590 1407 pertinet,
1635 1306 2066 1406 perindeestfi
2095 1311 2341 1382 mobile
2356 1311 2423 1382 in
2439 1334 2647 1383 vacuo

351 1405 641 1492 feratur,
685 1430 758 1478 ac
804 1403 853 1479 fi
887 1409 953 1478 in
982 1406 1203 1501 aliquo
1239 1405 1449 1482 fluido
1463 1447 1497 1490 ·,
1558 1405 1743 1502 quod
1799 1405 1938 1496 ejus
1979 1427 2242 1482 motum
2266 1409 2357 1479 nil
2387 1407 2648 1506 prorsus

325 1504 676 1604 -impediat
702 1529 821 1579 nec
860 1502 1176 1590 retardet,
1223 1512 1291 1576 &
1320 1506 1722 1578 velocitatem
1752 1502 1891 1594 ejus
1903 1500 2040 1577 non‘
2066 1506 2410 1579 imminuat
2424 1511 2646 1605 praeci-

354 1603 470 1688 se,
516 1624 592 1677 ut
621 1628 897 1696 vacuum
934 1604 1028 1675 nil
1058 1604 1116 1678 ei
1144 1600 1421 1688 obfistit3
1471 1600 1607 1675 hoc
1633 1623 1848 1675 autem
1877 1602 2122 1699 praestat
2148 1613 2255 1676 ae'r
2266 1605 2393 1699 ipse
2407 1599 2647 1691 motus,

354 1707 426 1772 &
454 1705 491 1775 ὲ
537 1723 732 1775 vento
759 1703 1031 1802 agitatus
1057 1699 1148 1773 ad
1185 1700 1438 1774 easdem
1472 1721 1677 1797 partes
1710 1746 1737 1784 ,
1796 1700 2024 1773 versus
2063 1724 2222 1796 quas
2251 1702 2493 1775 mobile
2521 1702 2649 1775 fer·

347 1817 462 1871 tur
488 1847 512 1884 ,
572 1802 692 1895 qui
733 1819 1044 1896 praeterea
1102 1817 1277 1869 tanta
1336 1799 1672 1870 velocitate
1716 1795 1798 1871 ad
1850 1797 2097 1871 easdem
2160 1821 2367 1897 partes
2409 1798 2650 1901 fugiat,

349 1919 600 1992 quanta
621 1901 703 1970 ab
729 1898 863 1996 ipso
890 1895 1139 1967 mobile
1162 1894 1588 1992 persequitur3
1638 1913 1793 1968 tunc
1816 1894 2088 1990 quidem
2104 1944 2127 1980 ,
2173 1917 2249 1970 ut
2262 1896 2515 1972 dietum
2534 1898 2645 1984 est,

251 2008 257 2012 ⁴
357 1997 454 2068 nil
481 1995 748 2090 prorsus
796 1994 876 2068 ab
905 2004 1049 2066 aere
1083 1987 1358 2076 fluente,
1418 1989 1525 2065 stix
1568 2014 1766 2066 vento
1791 1995 1910 2065 illo
1970 1993 2253 2070 secundo
2293 1996 2648 2099 imffiditur

355 2093 469 2165 vel
499 2090 837 2168 retardatur
880 2092 1104 2166 fluxus
1119 2088 1420 2192 praedia-i
1433 2091 1744 2180 mobilis,
1765 2097 1833 2166 &
1856 2091 2124 2191 perinde
2154 2095 2215 2167 se
2232 2092 2457 2182 habet,
2504 2120 2574 2171 ac
2592 2094 2645 2170 fi

362 2191 433 2263 in
450 2214 1068 2268 vacuomoveretur.

457 2290 672 2364 Modo
699 2294 850 2388 quia
862 2288 1401 2391 impedimentum
1425 2292 1621 2377 reale,
1669 2287 1859 2386 quod
1871 2289 2179 2378 infertae‘r
2190 2292 2517 2388 quiescens
2539 2292 2646 2364 sua

348 2384 660 2465 denfitate
685 2393 899 2464 motui
924 2389 1209 2484 ejusdem
1237 2393 1526 2488 corporis
1552 2390 1632 2466 ad
1645 2390 1897 2468 nullum
1913 2439 1936 2474 ,
1978 2391 2091 2464 seit
2122 2390 2204 2466 ad
2217 2392 2646 2490 privationem

350 2488 802 2588 impedimenti
821 2491 998 2584 ‚ae'ris
1025 2489 1317 2572 fluentis,
1363 2489 1471 2561 seu
1484 2485 1970 2573 ventisecundi,
2021 2493 2171 2585 (qui
2183 2488 2641 2564 indiminutam

349 2587 488 2680 ejus
513 2590 928 2663 velocitatem
976 2612 1116 2660 non
1142 2588 1357 2660 minus
1384 2612 1456 2660 ac
1483 2612 1762 2661 vacuum
1790 2610 2122 2661 excurrere
2135 2586 2331 2678 smit)
2377 2587 2647 2662 habebit

349 2686 624 2759 eandem
650 2688 1150 2786 proportionem
1182 2685 1533 2772 infinitam,
1576 2688 1686 2762 feu
1720 2682 2001 2760 eundem
2031 2682 2358 2760 defectum
2373 2708 2645 2784 propor-

353 2783 586 2867 tionis»,
615 2807 812 2880 quarn
829 2782 1022 2859 habet
1049 2787 1310 2884 plenum
1328 2783 1409 2858 ad
1424 2808 1698 2859 vacuum
1731 2794 1844 2872 (ex
1856 2782 2169 2881 affumpto
2182 2785 2634 2884 Peripatetico)

354 2901 516 2978 ergo
558 2884 858 2956 velocitas
911 2881 1090 2958 finita
1124 2932 1150 2968 ,
1195 2891 1264 2955 &
1308 2883 1717 2982 temporanea
1751 2881 2038 2975 ejusdem
2083 2885 2346 2958 mobilis
2394 2882 2462 2956 in
2490 2884 2639 2955 a‘e're

354 2979 718 3073 quiescente
743 2983 983 3054 nullam
1011 3004 1283 3078 quoque
1311 2984 1804 3080 proportionem
1833 2980 2100 3073 habebit
2123 2981 2204 3055 ad
2228 2984 2635 3055 velocitatem

353 3074 579 3167 ejus-in
594 3081 786 3152 aerea
810 3099 1011 3151 vento
1022 3079 1301 3155 secundo
1329 3084 1604 3181 agitato,
1650 3080 1937 3177 ideoque
1951 3083 2020 3154 in
2046 3082 2182 3178 ipso
2196 3081 2635 3153 infinita&in-

348 3172 672 3249 stantanea
685 3179 1018 3251 velocitate
1041 3197 1441 3266 moveretur,
1487 3178 1785 3277 quodest
1810 3180 2075 3258 falsum,
2120 3184 2431 3249 &contra
2444 3197 2635 3270 expe-

346 3275 675 3350 rientiam.
724 3277 900 3349 Hine
925 3275 1239 3373 sequitur,
1267 3277 1647 3374 quodidem
1661 3276 1944 3357 mobile,
1989 3268 2180 3366 quod
2204 3275 2273 3344 in
2301 3285 2446 3345 ae‘re
2474 3269 2638 3367 stag-

344 3393 544 3446 nante
568 3374 1161 3476 quatuorgradibus
1175 3371 1897 3454 velocitatisferebatur,
1942 3371 2012 3441 in
2024 3391 2239 3444 vacuo
2249 3368 2463 3468 postea
2476 3415 2500 3452 ,
2519 3369 2638 3444 ubi

340 3473 600 3545 nullum
614 3474 1153 3573 impedimentum
1171 3475 1252 3549 ad
1267 3471 1358 3547 est
1371 3522 1393 3557 ,
1410 3494 1546 3543 non
1560 3469 1937 3542 movebitur
1947 3466 2205 3542 infinite
2222 3466 2544 3550 velocius,
2567 3474 2639 3538 &

331 3569 700 3647 ininstanti.
743 3578 838 3648 Et·
851 3573 1161 3658 ratioest,
1173 3573 1329 3668 quia
1340 3566 1876 3666 impedimentum
1891 3566 2091 3646 medii
2114 3566 2299 3643 fluidi
2318 3564 2642 3640 retardans

335 3671 607 3743 mobilis
636 3674 1048 3758 velocitatem
1080 3697 1216 3744 non
1247 3668 1440 3743 habet
1466 3666 1779 3741 infinitam
1797 3669 2132 3766 energiam
2152 3715 2175 3751 ,
2221 3664 2328 3742 sed
2358 3663 2449 3739 est
2477 3664 2645 3738 certi

339 3791 415 3840 ac
428 3766 597 3842 finiti
610 3771 870 3846 roboris
883 3821 903 3851 ,
956 3779 1025 3843 δὲ
1038 3767 1590 3845 ideo-infinitatem
1605 3768 1916 3864 impetus,
1935 3789 2132 3862 quam
2154 3769 2221 3840 in
2238 3788 2442 3841 vacuo
2455 3788 2633 3837 exer-

339 3886 484 3944 cere
494 3865 784 3964 deberet,
796 3866 1406 3957 minimedestruere
1415 3867 1788 3964 poss'ennam
1799 3863 2027 3950 eadem
2037 3865 2212 3944 vis&
2227 3865 2476 3969 energia
2491 3860 2639 3972 infi-

758 3969 787 3979 ”
1309 3975 1536 4075 ng
1585 3975 1672 4071 32
2300 3979 2304 3983 ·
2511 3980 2649 4033 nita
