3692 4534
996 263 1082 337 86
1446 250 1774 354 JoH.
1860 242 2892 321 'AL.BORELL1

701 403 846 453 CAP·
885 400 962 448 Iv-
1007 386 1383 458 societatem
1415 383 1745 481 ignearum
1767 373 2247 449 exhalationum
2269 424 2292 460 ,
2340 370 2744 469 sequeretur,
2791 370 2978 468 quod
2991 395 3128 445 non
3148 374 3324 448 sem·

725 497 986 551 Pofitivam
1012 510 1125 585 per
1166 484 1390 558 fumus
1430 478 1512 552 ad
1554 475 1822 551 eandem
1866 472 2319 573 admosphaerae
2358 470 2789 546 summitatem
2819 470 3214 559 ascenderet,
3259 476 3325 546 is

636 633 643 640 ·
700 563 956 676 ᾮξῇξξῗ
1011 587 1186 657 enim
1206 584 1322 677 qui
1341 603 1453 679 per
1467 571 2500 677 poroslateralesligniegreditur,
2520 575 2838 667 impetum
2859 570 3314 670 projeffitium

1011 680 1483 758 transversalem
1497 677 1892 772 acquireret,
1940 681 2007 746 &
2025 670 2179 745 ideo
2194 673 2495 771 prosequi
2530 672 2721 742 suum
2752 693 3016 743 motum
3046 670 3323 747 deberet

1011 807 1127 882 per
1146 782 1409 878 planum
1425 775 1938 868 horizontalem,
1986 796 2200 868 neque
2214 772 2295 844 ab
2309 773 2568 868 incepto
2594 770 2821 842 itinere
2851 790 3185 868 tantopere
3200 771 3324 845 de·

1011 884 1265 953 viaret:
1314 875 1603 949 {imiliter
1638 870 1862 944 fumus
1890 874 1993 944 ille
2015 920 2038 956 ,
2087 870 2206 967 qui
2227 872 2308 943 ab
2338 868 2560 941 infima
2587 888 2764 965 parte
2791 872 3044 942 titionis
3079 872 3143 941 in
3177 878 3327 944 aifre

1018 972 1298 1075 suspensi
1313 977 1443 1047 exit
1455 1023 1476 1057 ,
1521 975 1839 1068 impetum
1856 971 2134 1066 acquirit
2147 966 2458 1042 tendendi
2477 965 2791 1040 deorsum
2806 1017 2829 1052 ,
2878 994 3015 1040 non
3030 965 3283 1044 sursum
3299 1021 3325 1056 ,

1018 1071 1428 1175 proindeque
1458 1071 1722 1146 deberet
1747 1067 1990 1142 directe
2016 1069 2339 1166 profluere
2372 1067 2575 1161 usque
2612 1062 2692 1137 ad
2723 1068 3162 1163 pavimentum
3178 1119 3202 1152 ,
3252 1077 3329 1143 δε

1026 1175 1328 1270 deinceps
1363 1196 1498 1244 non
1531 1164 1735 1269 posset
1769 1166 1851 1241 ad
1885 1173 2242 1265 supremam
2271 1168 2431 1238 a'e'ris
2458 1168 2797 1265 regionem
2830 1164 3136 1264 perduci,
3172 1192 3327 1263 quae

1026 1269 1406 1346 omniafalia
1420 1274 1599 1353 sunt,
1642 1273 1712 1337 ἅτ
1746 1288 1971 1339 contra
2007 1265 2226 1339 census
2253 1263 2679 1348 evidentiam3
2743 1264 3098 1343 Fatendum
3127 1268 3333 1366 igitur

1029 1369 1154 1455 est,
1206 1370 1286 1440 ab
1302 1370 1505 1467 igneis
1517 1367 1838 1463 particulis
1851 1365 2112 1437 fumum
2145 1360 2524 1436 rarefactum
2555 1364 3173 1463 elevariabimpulfii
3186 1390 3334 1465 gra-

1034 1470 1150 1542 vio
1157 1470 1242 1541 ris
1256 1471 1415 1541 ae‘ris
1429 1465 1769 1545 ambientis
1781 1486 1895 1561 per
1906 1459 2397 1563 expreffionem.

1403 1672 2402 1769 PROPQSITIO
2497 1672 2963 1744 van.

1036 1861 1341 1931 Flamma
1353 1853 1674 1949 estfnmns
1698 1855 1989 1945 accensis
2003 1860 2205 1953 magis
2217 1854 2578 1951 rarefastus
2588 1901 2611 1937 ,
2659 1858 2772 1952 qui
2783 1848 2869 1926 ab
2881 1856 3026 1924 ai‘re
3040 1847 3333 1926 ambien-

1134 1977 1200 2029 te
1216 1945 1855 2048 velocffmishrsicm
1872 1961 2286 2050 exprimitur.

1137 2145 1578 2248 Perceptajam
1593 2154 1663 2222 &
1676 2145 1983 2223 declarata
1996 2143 2165 2220 fumi
2193 2144 2671 2220 construfflone
2698 2146 3092 2248 perpendere
3120 2147 3339 2226 modo

1043 2246 1225 2341 juvat
1237 2246 1814 2345 metamorphosim
1833 2296 1858 2333 ,
1905 2269 2107 2344 quam
2124 2250 2366 2344 patitur
2377 2246 3125 2342 quandoinflammatur.
3202 2253 3347 2324 De-

1048 2350 1281 2425 bemus
1307 2347 1507 2446 igitur
1534 2351 1874 2443 concipere
1901 2348 2199 2421 minimas
2225 2348 2561 2444 particulas
2589 2345 2986 2445 sulphureas,
3034 2352 3107 2422 in
3142 2344 3342 2423 fiamo

1046 2465 1410 2526 contentas,
1455 2443 1609 2516 cum
1623 2446 2140 2531 inflammantur,
2184 2445 2471 2533 maxime
2487 2445 2770 2533 dilatari,
2806 2445 3347 2533 rarefieri,&ve-

1046 2538 1523 2616 hementiffime
1539 2544 1762 2641 agitari
1781 2592 1805 2629 ,
1852 2545 2004 2616 &in
2025 2541 2157 2615 hoc
2183 2537 2523 2617 consistere
2549 2544 2685 2636 ejus
2706 2542 3133 2620 accensionem
3148 2594 3173 2629 ,
3223 2547 3343 2627 sed

1133 2642 1314 2712 anula
1325 2641 1428 2713 illa
1442 2665 1645 2737 aquea
1658 2650 1727 2715 &
1741 2662 1945 2715 terrea
1957 2639 2241 2734 ejusdem
2256 2640 2427 2716 fumi
2439 2691 2465 2729 ,
2496 2669 2655 2740 quae
2671 2671 2752 2719 ex
2765 2645 2871 2718 sua
2885 2667 3101 2720 natura
3114 2667 3346 2721 accen·

1079 2740 1253 2812 1bilia
1293 2765 1430 2813 non
1471 2738 1616 2812 sunt
1631 2791 1654 2827 ,
1702 2759 2015 2840 poterunt
2051 2739 2517 2816 tantummodo
2543 2742 2825 2817 rarefieri
2852 2743 3062 2819 multo
3098 2747 3350 2847 magis,

1052 2839 1253 2933 quam
1274 2838 1478 2934 prius.
1542 2842 1694 2941 Jam
1708 2843 1743 2914 a
1762 2839 2063 2936 praedicta
2074 2836 2215 2916 fere
2233 2862 2688 2945 momentanea
2701 2843 3125 2918 rarefaffione
3138 2895 3162 2931 ,
3296 2846 3350 2904 ‘-

1052 2937 1299 3011 tatione
1309 2983 1342 3023 „
1378 2942 1446 3007 &
1477 2935 1845 3010 accensione
1864 2938 2283 3034 subsequitur
2308 2940 2776 3037 consequenter
2799 2943 3127 3042 splendida
3151 2871 3355 3019 &affi-

1052 3036 1301 3109 minosa
1313 3034 1665 3133 apparentia
1677 3035 1990 3110 flammae.
2086 3037 2200 3111 Ad
2215 3037 2352 3114 haec
2367 3040 2528 3114 ae'ris
2553 3041 2890 3117 ambientis
2916 3046 3232 3144 gravitas,
3272 3045 3353 3117 li-

1056 3137 1168 3211 cet
1182 3135 1411 3235 exigua
1424 3131 1539 3220 fit,
1573 3134 1890 3232 superabit
1921 3134 2350 3213 nihilominus
2377 3140 2649 3213 notabili
2673 3141 2926 3218 exceflu
2956 3144 3350 3230 minimum,

1058 3242 1129 3310 δι
1150 3228 1501 3311 insensibile
1515 3232 1771 3334 pondus
1782 3231 1980 3334 ipfius
1992 3234 2271 3311 flammae
2299 3240 2831 3316 multoecmultb
2861 3246 3102 3344 magis,
3146 3244 3353 3341 quam

1055 3334 1450 3430 superaverat
1461 3332 1716 3433 pondus
1738 3332 2165 3431 praecedentis
2191 3335 2399 3411 fumi=
2450 3335 2603 3413 hinc
2637 3339 2981 3416 necessario
2996 3343 3354 3417 flammaab

1058 3432 1195 3528 ipso
1208 3443 1351 3506 aere
1364 3456 1477 3532 per
1488 3432 1926 3508 extrufionem
1961 3434 2222 3512 sursum
2250 3438 2617 3542 impelletur
2642 3437 2956 3520 ineffabili
2984 3447 3356 3520 velocitate.

1056 3528 1269 3607 Ethic
1282 3531 1560 3630 plurima
1574 3530 1964 3611 advertenda
1976 3534 2147 3612 sunt.

3040 4037 3363 4119 PRO-
