<?xml version="1.0" encoding="UTF-8"?>
<!DOCTYPE html PUBLIC "-//W3C//DTD XHTML 1.0 Transitional//EN"
    "http://www.w3.org/TR/xhtml1/DTD/xhtml1-transitional.dtd">
<html xmlns="http://www.w3.org/1999/xhtml" xml:lang="en" lang="en">
 <head>
  <title>
</title>
<meta http-equiv="Content-Type" content="text/html;charset=utf-8" />
  <meta name='ocr-system' content='tesseract 3.04.00' />
  <meta name='ocr-capabilities' content='ocr_page ocr_carea ocr_par ocr_line ocrx_word'/>
</head>
<body>
  <div class='ocr_page' id='page_1' title='image "./devipercussioni00unkngoog_0651.png"; bbox 0 0 3692 4534; ppageno 0'>
   <div class='ocr_carea' id='block_1_1' title="bbox 610 239 2937 374">
    <p class='ocr_par' dir='ltr' id='par_1_1' title="bbox 610 239 2937 374">
     <span class='ocr_line' id='line_1_1' title="bbox 610 239 2937 374; baseline 0.01 -61"><span class='ocrx_word' id='word_1_1' title='bbox 610 249 771 325; x_wconf 72' lang='lat' dir='ltr'>,DE</span> <span class='ocrx_word' id='word_1_2' title='bbox 816 246 1000 321; x_wconf 84' lang='lat' dir='ltr'>Mo</span> <span class='ocrx_word' id='word_1_3' title='bbox 1020 239 1145 319; x_wconf 81' lang='lat' dir='ltr'>TI</span> <span class='ocrx_word' id='word_1_4' title='bbox 1168 247 1240 317; x_wconf 75' lang='grc' dir='ltr'>Β.</span> <span class='ocrx_word' id='word_1_5' title='bbox 1282 245 1474 323; x_wconf 80' lang='grc' dir='ltr'>ΝΑ</span> <span class='ocrx_word' id='word_1_6' title='bbox 1493 248 1572 332; x_wconf 70' lang='lat'>72</span> <span class='ocrx_word' id='word_1_7' title='bbox 1619 242 1664 319; x_wconf 70' lang='grc' dir='ltr'><em>ὲ</em></span> <span class='ocrx_word' id='word_1_8' title='bbox 1691 254 2044 326; x_wconf 74' lang='lat' dir='ltr'>Gravieaee</span> <span class='ocrx_word' id='word_1_9' title='bbox 2066 257 2303 326; x_wconf 59' lang='lat' dir='ltr'>Fastis.</span> <span class='ocrx_word' id='word_1_10' title='bbox 2464 365 2473 374; x_wconf 15' lang='grc' dir='ltr'>ἡ</span> <span class='ocrx_word' id='word_1_11' title='bbox 2513 284 2937 370; x_wconf 52' lang='lat'>33301213311.</span> 
     </span>
    </p>
   </div>
   <div class='ocr_carea' id='block_1_2' title="bbox 313 362 2933 1456">
    <p class='ocr_par' dir='ltr' id='par_1_2' title="bbox 313 362 2933 1035">
     <span class='ocr_line' id='line_1_2' title="bbox 313 362 2933 472; baseline 0 -24"><span class='ocrx_word' id='word_1_12' title='bbox 313 374 454 454; x_wconf 60' lang='lat' dir='ltr'>hm</span> <span class='ocrx_word' id='word_1_13' title='bbox 468 366 860 472; x_wconf 84' lang='lat' dir='ltr'>impoffibile</span> <span class='ocrx_word' id='word_1_14' title='bbox 872 365 965 441; x_wconf 84' lang='lat' dir='ltr'>est</span> <span class='ocrx_word' id='word_1_15' title='bbox 977 367 1309 464; x_wconf 80' lang='lat' dir='ltr'>concipere</span> <span class='ocrx_word' id='word_1_16' title='bbox 1320 367 1525 439; x_wconf 85' lang='lat' dir='ltr'>aulam</span> <span class='ocrx_word' id='word_1_17' title='bbox 1539 362 1706 438; x_wconf 86' lang='lat' dir='ltr'>hanc</span> <span class='ocrx_word' id='word_1_18' title='bbox 1716 376 2074 454; x_wconf 57' lang='lat' dir='ltr'>vacuam&amp;</span> <span class='ocrx_word' id='word_1_19' title='bbox 2089 369 2347 469; x_wconf 79' lang='lat' dir='ltr'>prorstis</span> <span class='ocrx_word' id='word_1_20' title='bbox 2356 392 2631 471; x_wconf 87' lang='lat' dir='ltr'>corpore</span> <span class='ocrx_word' id='word_1_21' title='bbox 2685 409 2764 455; x_wconf 66' lang='lat' dir='ltr'>ne</span> <span class='ocrx_word' id='word_1_22' title='bbox 2790 406 2933 457; x_wconf 70' lang='lat' dir='ltr'>vacui</span> 
     </span>
     <span class='ocr_line' id='line_1_3' title="bbox 317 460 2900 578; baseline -0.001 -28"><span class='ocrx_word' id='word_1_23' title='bbox 317 475 658 578; x_wconf 83' lang='lat' dir='ltr'>privatam,</span> <span class='ocrx_word' id='word_1_24' title='bbox 670 492 743 543; x_wconf 92' lang='lat' dir='ltr'>ut</span> <span class='ocrx_word' id='word_1_25' title='bbox 757 464 1007 540; x_wconf 73' lang='lat' dir='ltr'>necesse</span> <span class='ocrx_word' id='word_1_26' title='bbox 1034 461 1114 539; x_wconf 87' lang='lat' dir='ltr'>fit</span> <span class='ocrx_word' id='word_1_27' title='bbox 1126 461 1477 538; x_wconf 78' lang='lat' dir='ltr'>concedere</span> <span class='ocrx_word' id='word_1_28' title='bbox 1493 460 1632 560; x_wconf 79' lang='lat' dir='ltr'>ejus</span> <span class='ocrx_word' id='word_1_29' title='bbox 1657 468 1924 562; x_wconf 84' lang='lat' dir='ltr'>parietes</span> <span class='ocrx_word' id='word_1_30' title='bbox 1958 468 2292 564; x_wconf 86' lang='lat' dir='ltr'>oppofitos</span> <span class='ocrx_word' id='word_1_31' title='bbox 2306 477 2387 541; x_wconf 78' lang='grc' dir='ltr'>δι·</span> <span class='ocrx_word' id='word_1_32' title='bbox 2400 470 2631 548; x_wconf 83' lang='lat' dir='ltr'>discre—</span> <span class='ocrx_word' id='word_1_33' title='bbox 2650 469 2900 576; x_wconf 46' lang='lat' dir='ltr'>{cemm-</span> 
     </span>
     <span class='ocr_line' id='line_1_4' title="bbox 320 561 2833 668; baseline -0.002 -19"><span class='ocrx_word' id='word_1_34' title='bbox 320 595 429 649; x_wconf 84' lang='lat' dir='ltr'>tos</span> <span class='ocrx_word' id='word_1_35' title='bbox 451 567 574 648; x_wconf 89' lang='lat' dir='ltr'>sese</span> <span class='ocrx_word' id='word_1_36' title='bbox 588 589 835 644; x_wconf 87' lang='lat' dir='ltr'>mutuo</span> <span class='ocrx_word' id='word_1_37' title='bbox 848 585 1138 662; x_wconf 83' lang='lat' dir='ltr'>tangere,</span> <span class='ocrx_word' id='word_1_38' title='bbox 1182 561 1736 662; x_wconf 63' lang='lat' dir='ltr'>proptereafluod</span> <span class='ocrx_word' id='word_1_39' title='bbox 1764 589 1835 638; x_wconf 78' lang='lat' dir='ltr'>ea</span> <span class='ocrx_word' id='word_1_40' title='bbox 1852 562 2166 638; x_wconf 80' lang='lat' dir='ltr'>dicuntur</span> <span class='ocrx_word' id='word_1_41' title='bbox 2212 568 2335 638; x_wconf 90' lang='lat' dir='ltr'>sese</span> <span class='ocrx_word' id='word_1_42' title='bbox 2349 589 2636 668; x_wconf 84' lang='lat' dir='ltr'>tangere,</span> <span class='ocrx_word' id='word_1_43' title='bbox 2712 563 2726 577; x_wconf 77' lang='grc'><strong><em>’</em></strong></span> <span class='ocrx_word' id='word_1_44' title='bbox 2826 575 2833 582; x_wconf 88' lang='grc'><strong><em>’</em></strong></span> 
     </span>
     <span class='ocr_line' id='line_1_5' title="bbox 319 661 2641 764; baseline 0.002 -27"><span class='ocrx_word' id='word_1_45' title='bbox 319 674 491 746; x_wconf 79' lang='lat' dir='ltr'>inter</span> <span class='ocrx_word' id='word_1_46' title='bbox 504 693 654 764; x_wconf 84' lang='lat' dir='ltr'>quae</span> <span class='ocrx_word' id='word_1_47' title='bbox 670 665 764 737; x_wconf 84' lang='lat' dir='ltr'>nil</span> <span class='ocrx_word' id='word_1_48' title='bbox 775 661 1493 764; x_wconf 57' lang='lat' dir='ltr'>intermediancumque</span> <span class='ocrx_word' id='word_1_49' title='bbox 1504 661 1673 732; x_wconf 83' lang='lat' dir='ltr'>inter</span> <span class='ocrx_word' id='word_1_50' title='bbox 1683 665 1957 758; x_wconf 70' lang='lat' dir='ltr'>parietes&#39;</span> <span class='ocrx_word' id='word_1_51' title='bbox 1973 664 2304 762; x_wconf 83' lang='lat' dir='ltr'>oppofitos</span> <span class='ocrx_word' id='word_1_52' title='bbox 2317 670 2641 764; x_wconf 55' lang='lat' dir='ltr'>praedia&amp;</span> 
     </span>
     <span class='ocr_line' id='line_1_6' title="bbox 322 758 2637 856; baseline 0.001 -19"><span class='ocrx_word' id='word_1_53' title='bbox 322 771 493 844; x_wconf 78' lang='lat' dir='ltr'>aulae</span> <span class='ocrx_word' id='word_1_54' title='bbox 509 764 676 838; x_wconf 85' lang='lat' dir='ltr'>nihil</span> <span class='ocrx_word' id='word_1_55' title='bbox 686 758 1036 834; x_wconf 86' lang='lat' dir='ltr'>intercedat</span> <span class='ocrx_word' id='word_1_56' title='bbox 1052 809 1073 842; x_wconf 89' lang='lat'>,</span> <span class='ocrx_word' id='word_1_57' title='bbox 1098 760 1369 856; x_wconf 87' lang='lat' dir='ltr'>spatium</span> <span class='ocrx_word' id='word_1_58' title='bbox 1386 760 1564 830; x_wconf 88' lang='lat' dir='ltr'>enim</span> <span class='ocrx_word' id='word_1_59' title='bbox 1591 781 1873 832; x_wconf 86' lang='lat' dir='ltr'>vacuum</span> <span class='ocrx_word' id='word_1_60' title='bbox 1891 763 2135 834; x_wconf 80' lang='lat' dir='ltr'>nullam</span> <span class='ocrx_word' id='word_1_61' title='bbox 2168 767 2507 840; x_wconf 84' lang='lat' dir='ltr'>entitatem</span> <span class='ocrx_word' id='word_1_62' title='bbox 2521 764 2637 839; x_wconf 85' lang='lat' dir='ltr'>ha-</span> 
     </span>
     <span class='ocr_line' id='line_1_7' title="bbox 324 853 2631 1035; baseline -0.003 -93"><span class='ocrx_word' id='word_1_63' title='bbox 324 863 547 1035; x_wconf 71' lang='lat' dir='ltr'>ber-eds</span> <span class='ocrx_word' id='word_1_64' title='bbox 625 859 922 1032; x_wconf 55' lang='lat' dir='ltr'>popitun</span> <span class='ocrx_word' id='word_1_65' title='bbox 974 860 1173 959; x_wconf 87' lang='lat' dir='ltr'>igitur</span> <span class='ocrx_word' id='word_1_66' title='bbox 1198 857 1460 956; x_wconf 80' lang='lat' dir='ltr'>parietes</span> <span class='ocrx_word' id='word_1_67' title='bbox 1483 853 1680 950; x_wconf 73' lang='lat' dir='ltr'>huju‘s</span> <span class='ocrx_word' id='word_1_68' title='bbox 1709 859 1866 932; x_wconf 82' lang='lat' dir='ltr'>aulae</span> <span class='ocrx_word' id='word_1_69' title='bbox 1884 859 1961 933; x_wconf 88' lang='lat' dir='ltr'>·se</span> <span class='ocrx_word' id='word_1_70' title='bbox 1982 883 2218 934; x_wconf 88' lang='lat' dir='ltr'>mutuo</span> <span class='ocrx_word' id='word_1_71' title='bbox 2250 884 2584 962; x_wconf 76' lang='lat' dir='ltr'>tangerent</span> <span class='ocrx_word' id='word_1_72' title='bbox 2604 914 2631 951; x_wconf 92' lang='lat'>,</span> 
     </span>
    </p>

    <p class='ocr_par' dir='ltr' id='par_1_3' title="bbox 313 961 2629 1456">
     <span class='ocr_line' id='line_1_8' title="bbox 376 961 2417 1038; baseline -0.005 -1"><span class='ocrx_word' id='word_1_73' title='bbox 376 990 472 1038; x_wconf 90' lang='lat' dir='ltr'>uo</span> <span class='ocrx_word' id='word_1_74' title='bbox 534 988 570 1032; x_wconf 86' lang='lat' dir='ltr'>e</span> <span class='ocrx_word' id='word_1_75' title='bbox 669 961 724 1030; x_wconf 86' lang='lat' dir='ltr'>al</span> <span class='ocrx_word' id='word_1_76' title='bbox 753 981 888 1030; x_wconf 86' lang='lat' dir='ltr'>um.</span> <span class='ocrx_word' id='word_1_77' title='bbox 1153 973 1170 987; x_wconf 86' lang='lat'><strong>·</strong></span> <span class='ocrx_word' id='word_1_78' title='bbox 2412 1019 2417 1026; x_wconf 92' lang='lat'><em>.</em></span> 
     </span>
     <span class='ocr_line' id='line_1_9' title="bbox 326 992 2629 1155; baseline 0 -22"><span class='ocrx_word' id='word_1_79' title='bbox 326 992 378 1068; x_wconf 77' lang='lat' dir='ltr'>‘q</span> <span class='ocrx_word' id='word_1_80' title='bbox 417 1067 481 1134; x_wconf 87' lang='lat' dir='ltr'><strong>E</strong></span> <span class='ocrx_word' id='word_1_81' title='bbox 506 1082 734 1131; x_wconf 88' lang='lat' dir='ltr'>contra</span> <span class='ocrx_word' id='word_1_82' title='bbox 749 1105 771 1140; x_wconf 85' lang='lat'><strong>,</strong></span> <span class='ocrx_word' id='word_1_83' title='bbox 810 1079 879 1128; x_wconf 79' lang='lat' dir='ltr'>ea</span> <span class='ocrx_word' id='word_1_84' title='bbox 906 1076 1186 1152; x_wconf 85' lang='lat' dir='ltr'>corpora</span> <span class='ocrx_word' id='word_1_85' title='bbox 1208 1049 1488 1126; x_wconf 81' lang='lat' dir='ltr'>dicimus</span> <span class='ocrx_word' id='word_1_86' title='bbox 1499 1051 1669 1125; x_wconf 87' lang='lat' dir='ltr'>inter</span> <span class='ocrx_word' id='word_1_87' title='bbox 1679 1052 1741 1125; x_wconf 88' lang='lat' dir='ltr'>se</span> <span class='ocrx_word' id='word_1_88' title='bbox 1755 1050 2014 1140; x_wconf 86' lang='lat' dir='ltr'>distare,</span> <span class='ocrx_word' id='word_1_89' title='bbox 2037 1059 2202 1130; x_wconf 86' lang='lat' dir='ltr'>inter</span> <span class='ocrx_word' id='word_1_90' title='bbox 2215 1081 2360 1152; x_wconf 78' lang='lat' dir='ltr'>quae</span> <span class='ocrx_word' id='word_1_91' title='bbox 2376 1060 2629 1155; x_wconf 85' lang='lat' dir='ltr'>aliquid</span> 
     </span>
     <span class='ocr_line' id='line_1_10' title="bbox 323 1148 2625 1253; baseline -0 -20"><span class='ocrx_word' id='word_1_92' title='bbox 323 1155 762 1252; x_wconf 81' lang='lat' dir='ltr'>intermediat,</span> <span class='ocrx_word' id='word_1_93' title='bbox 777 1152 1142 1253; x_wconf 86' lang='lat' dir='ltr'>cumigitur</span> <span class='ocrx_word' id='word_1_94' title='bbox 1155 1154 1424 1248; x_wconf 67' lang='lat' dir='ltr'>parietes</span> <span class='ocrx_word' id='word_1_95' title='bbox 1448 1148 1778 1249; x_wconf 71' lang='lat' dir='ltr'>praedifizae</span> <span class='ocrx_word' id='word_1_96' title='bbox 1795 1154 1961 1225; x_wconf 79' lang='lat' dir='ltr'>aulae</span> <span class='ocrx_word' id='word_1_97' title='bbox 1974 1154 2176 1228; x_wconf 86' lang='lat' dir='ltr'>inanis</span> <span class='ocrx_word' id='word_1_98' title='bbox 2186 1157 2625 1232; x_wconf 83' lang='lat' dir='ltr'>concedantur</span> 
     </span>
     <span class='ocr_line' id='line_1_11' title="bbox 313 1245 2622 1354; baseline -0.001 -21"><span class='ocrx_word' id='word_1_99' title='bbox 313 1260 494 1334; x_wconf 82' lang='lat' dir='ltr'>inter</span> <span class='ocrx_word' id='word_1_100' title='bbox 509 1255 571 1329; x_wconf 92' lang='lat' dir='ltr'>se</span> <span class='ocrx_word' id='word_1_101' title='bbox 584 1251 832 1336; x_wconf 87' lang='lat' dir='ltr'>distare,</span> <span class='ocrx_word' id='word_1_102' title='bbox 847 1251 1052 1354; x_wconf 78' lang='lat' dir='ltr'>igitur</span> <span class='ocrx_word' id='word_1_103' title='bbox 1066 1249 1282 1323; x_wconf 83' lang='lat' dir='ltr'>neceff</span> <span class='ocrx_word' id='word_1_104' title='bbox 1273 1253 1408 1322; x_wconf 89' lang='lat' dir='ltr'>ario</span> <span class='ocrx_word' id='word_1_105' title='bbox 1423 1249 1590 1321; x_wconf 86' lang='lat' dir='ltr'>inter</span> <span class='ocrx_word' id='word_1_106' title='bbox 1603 1245 1717 1324; x_wconf 70' lang='lat' dir='ltr'>eos</span> <span class='ocrx_word' id='word_1_107' title='bbox 1729 1250 1976 1347; x_wconf 84' lang='lat' dir='ltr'>aliquid</span> <span class='ocrx_word' id='word_1_108' title='bbox 1988 1254 2401 1330; x_wconf 86' lang='lat' dir='ltr'>intermediet</span> <span class='ocrx_word' id='word_1_109' title='bbox 2414 1256 2622 1332; x_wconf 83' lang='lat' dir='ltr'>ueces-</span> 
     </span>
     <span class='ocr_line' id='line_1_12' title="bbox 316 1343 2625 1456; baseline -0 -28"><span class='ocrx_word' id='word_1_110' title='bbox 316 1357 390 1456; x_wconf 57' lang='lat' dir='ltr'>ae</span> <span class='ocrx_word' id='word_1_111' title='bbox 407 1353 499 1428; x_wconf 90' lang='lat' dir='ltr'>est</span> <span class='ocrx_word' id='word_1_112' title='bbox 509 1403 535 1439; x_wconf 91' lang='lat'>‚</span> <span class='ocrx_word' id='word_1_113' title='bbox 559 1343 966 1454; x_wconf 73' lang='lat' dir='ltr'>proindeque</span> <span class='ocrx_word' id='word_1_114' title='bbox 981 1347 1249 1452; x_wconf 87' lang='lat' dir='ltr'>spatium</span> <span class='ocrx_word' id='word_1_115' title='bbox 1263 1349 1687 1446; x_wconf 88' lang='lat' dir='ltr'>interceptum</span> <span class='ocrx_word' id='word_1_116' title='bbox 1703 1373 1842 1422; x_wconf 89' lang='lat' dir='ltr'>non</span> <span class='ocrx_word' id='word_1_117' title='bbox 1874 1352 1996 1422; x_wconf 89' lang='lat' dir='ltr'>erit</span> <span class='ocrx_word' id='word_1_118' title='bbox 2007 1376 2310 1438; x_wconf 58' lang='lat' dir='ltr'>‚vacuum</span> <span class='ocrx_word' id='word_1_119' title='bbox 2602 1344 2625 1356; x_wconf 57' lang='lat'><strong><em>⁴</em></strong></span> 
     </span>
    </p>
   </div>
   <div class='ocr_carea' id='block_1_3' title="bbox 709 1509 2251 1587">
    <p class='ocr_par' dir='ltr' id='par_1_4' title="bbox 709 1509 2251 1587">
     <span class='ocr_line' id='line_1_13' title="bbox 709 1509 2251 1587; baseline -0.004 0"><span class='ocrx_word' id='word_1_120' title='bbox 709 1509 1705 1587; x_wconf 85' lang='lat' dir='ltr'><strong>PROPOSITI&#39;O</strong></span> <span class='ocrx_word' id='word_1_121' title='bbox 1800 1512 2251 1585; x_wconf 75' lang='lat' dir='ltr'>CCLVII.</span> 
     </span>
    </p>
   </div>
   <div class='ocr_carea' id='block_1_4' title="bbox 310 1613 2621 1844">
    <p class='ocr_par' dir='ltr' id='par_1_5' title="bbox 310 1613 2621 1844">
     <span class='ocr_line' id='line_1_14' title="bbox 310 1613 2621 1746; baseline 0.002 -37"><span class='ocrx_word' id='word_1_122' title='bbox 310 1643 590 1735; x_wconf 69' lang='lat' dir='ltr'>‚Pafflmt</span> <span class='ocrx_word' id='word_1_123' title='bbox 599 1627 1100 1730; x_wconf 68' lang='lat' dir='ltr'>estsblummodb</span> <span class='ocrx_word' id='word_1_124' title='bbox 1133 1635 1296 1727; x_wconf 79' lang='lat' dir='ltr'>eaefi</span> <span class='ocrx_word' id='word_1_125' title='bbox 1310 1655 1606 1746; x_wconf 75' lang='lat' dir='ltr'>tangere,</span> <span class='ocrx_word' id='word_1_126' title='bbox 1641 1631 1817 1704; x_wconf 67' lang='lat' dir='ltr'>int‘er</span> <span class='ocrx_word' id='word_1_127' title='bbox 1841 1660 1972 1732; x_wconf 69' lang='lat' dir='ltr'>qua</span> <span class='ocrx_word' id='word_1_128' title='bbox 1992 1613 2621 1727; x_wconf 42' lang='lat' dir='ltr'>nihilinte&#39;rmediae&amp;</span> 
     </span>
     <span class='ocr_line' id='line_1_15' title="bbox 311 1733 1887 1844; baseline -0.006 -31"><span class='ocrx_word' id='word_1_129' title='bbox 311 1835 320 1844; x_wconf 28' lang='grc' dir='ltr'><strong><em>ο</em></strong></span> <span class='ocrx_word' id='word_1_130' title='bbox 419 1739 542 1831; x_wconf 60' lang='lat' dir='ltr'>nist</span> <span class='ocrx_word' id='word_1_131' title='bbox 561 1763 780 1809; x_wconf 80' lang='lat' dir='ltr'>eorum</span> <span class='ocrx_word' id='word_1_132' title='bbox 797 1744 1240 1810; x_wconf 80' lang='lat' dir='ltr'>extremitates</span> <span class='ocrx_word' id='word_1_133' title='bbox 1258 1743 1402 1829; x_wconf 84' lang='lat' dir='ltr'>conj</span> <span class='ocrx_word' id='word_1_134' title='bbox 1405 1733 1595 1803; x_wconf 63' lang='lat' dir='ltr'>unstae</span> <span class='ocrx_word' id='word_1_135' title='bbox 1603 1735 1887 1844; x_wconf 71' lang='lat' dir='ltr'>fuerint.</span> 
     </span>
    </p>
   </div>
   <div class='ocr_carea' id='block_1_5' title="bbox 307 1891 2622 2971">
    <p class='ocr_par' dir='ltr' id='par_1_6' title="bbox 307 1891 2622 2971">
     <span class='ocr_line' id='line_1_16' title="bbox 417 1891 2619 1995; baseline 0 -25"><span class='ocrx_word' id='word_1_136' title='bbox 417 1899 608 1970; x_wconf 88' lang='lat' dir='ltr'>Huic</span> <span class='ocrx_word' id='word_1_137' title='bbox 620 1914 1000 1995; x_wconf 84' lang='lat' dir='ltr'>argumento</span> <span class='ocrx_word' id='word_1_138' title='bbox 1012 1891 1459 1991; x_wconf 83' lang='lat' dir='ltr'>respondetur,</span> <span class='ocrx_word' id='word_1_139' title='bbox 1472 1911 1698 1966; x_wconf 82' lang='lat' dir='ltr'>verum</span> <span class='ocrx_word' id='word_1_140' title='bbox 1715 1916 1847 1966; x_wconf 81' lang='lat' dir='ltr'>non</span> <span class='ocrx_word' id='word_1_141' title='bbox 1864 1893 2202 1992; x_wconf 71' lang='lat' dir='ltr'>effe,qubd</span> <span class='ocrx_word' id='word_1_142' title='bbox 2217 1919 2290 1969; x_wconf 87' lang='lat' dir='ltr'>ea</span> <span class='ocrx_word' id='word_1_143' title='bbox 2304 1897 2365 1969; x_wconf 90' lang='lat' dir='ltr'>se</span> <span class='ocrx_word' id='word_1_144' title='bbox 2380 1897 2619 1971; x_wconf 63' lang='lat' dir='ltr'>mutu&amp;</span> 
     </span>
     <span class='ocr_line' id='line_1_17' title="bbox 311 1990 2622 2094; baseline 0.003 -30"><span class='ocrx_word' id='word_1_145' title='bbox 311 2015 591 2094; x_wconf 74' lang='lat' dir='ltr'>tangant</span> <span class='ocrx_word' id='word_1_146' title='bbox 603 2042 625 2077; x_wconf 95' lang='lat'>,</span> <span class='ocrx_word' id='word_1_147' title='bbox 673 1997 838 2064; x_wconf 89' lang='lat' dir='ltr'>inter</span> <span class='ocrx_word' id='word_1_148' title='bbox 851 2016 1005 2087; x_wconf 85' lang='lat' dir='ltr'>quae</span> <span class='ocrx_word' id='word_1_149' title='bbox 1021 1990 1181 2063; x_wconf 86' lang='lat' dir='ltr'>nihil</span> <span class='ocrx_word' id='word_1_150' title='bbox 1198 1991 1597 2064; x_wconf 89' lang='lat' dir='ltr'>intermediat</span> <span class='ocrx_word' id='word_1_151' title='bbox 1608 2041 1630 2076; x_wconf 90' lang='lat'><strong>,</strong></span> <span class='ocrx_word' id='word_1_152' title='bbox 1677 1991 1787 2067; x_wconf 84' lang='lat' dir='ltr'>sed</span> <span class='ocrx_word' id='word_1_153' title='bbox 1819 1999 2181 2090; x_wconf 86' lang='lat' dir='ltr'>requiritur</span> <span class='ocrx_word' id='word_1_154' title='bbox 2197 1998 2383 2067; x_wconf 88' lang='lat' dir='ltr'>altera</span> <span class='ocrx_word' id='word_1_155' title='bbox 2393 1995 2622 2070; x_wconf 87' lang='lat' dir='ltr'>condi-</span> 
     </span>
     <span class='ocr_line' id='line_1_18' title="bbox 315 2087 2614 2192; baseline 0.001 -25"><span class='ocrx_word' id='word_1_156' title='bbox 315 2099 433 2170; x_wconf 87' lang='lat' dir='ltr'>tio</span> <span class='ocrx_word' id='word_1_157' title='bbox 448 2091 528 2163; x_wconf 83' lang='lat' dir='ltr'>ad</span> <span class='ocrx_word' id='word_1_158' title='bbox 545 2090 674 2161; x_wconf 87' lang='lat' dir='ltr'>hoc</span> <span class='ocrx_word' id='word_1_159' title='bbox 688 2139 710 2175; x_wconf 86' lang='lat'>‚</span> <span class='ocrx_word' id='word_1_160' title='bbox 731 2110 804 2163; x_wconf 91' lang='lat' dir='ltr'>ut</span> <span class='ocrx_word' id='word_1_161' title='bbox 817 2093 1141 2162; x_wconf 67' lang='lat' dir='ltr'>contaetus</span> <span class='ocrx_word' id='word_1_162' title='bbox 1153 2088 1296 2172; x_wconf 81' lang='lat' dir='ltr'>fiat,</span> <span class='ocrx_word' id='word_1_163' title='bbox 1325 2087 1560 2162; x_wconf 62' lang='lat' dir='ltr'>scilicet</span> <span class='ocrx_word' id='word_1_164' title='bbox 1574 2107 1648 2161; x_wconf 83' lang='lat' dir='ltr'>ut</span> <span class='ocrx_word' id='word_1_165' title='bbox 1664 2112 1946 2165; x_wconf 81' lang='lat' dir='ltr'>extrema</span> <span class='ocrx_word' id='word_1_166' title='bbox 1960 2116 2312 2190; x_wconf 87' lang='lat' dir='ltr'>corporum</span> <span class='ocrx_word' id='word_1_167' title='bbox 2327 2143 2349 2178; x_wconf 91' lang='lat'><strong>,</strong></span> <span class='ocrx_word' id='word_1_168' title='bbox 2385 2120 2537 2192; x_wconf 80' lang='lat' dir='ltr'>quae</span> <span class='ocrx_word' id='word_1_169' title='bbox 2551 2097 2614 2170; x_wconf 84' lang='lat' dir='ltr'>se</span> 
     </span>
     <span class='ocr_line' id='line_1_19' title="bbox 315 2182 2614 2286; baseline -0.001 -19"><span class='ocrx_word' id='word_1_170' title='bbox 315 2189 576 2267; x_wconf 74' lang='lat' dir='ltr'>mutuo</span> <span class='ocrx_word' id='word_1_171' title='bbox 589 2209 848 2286; x_wconf 86' lang='lat' dir='ltr'>tangere</span> <span class='ocrx_word' id='word_1_172' title='bbox 860 2188 1096 2260; x_wconf 82' lang='lat' dir='ltr'>debent</span> <span class='ocrx_word' id='word_1_173' title='bbox 1106 2234 1127 2268; x_wconf 91' lang='lat'>‚</span> <span class='ocrx_word' id='word_1_174' title='bbox 1175 2185 1297 2257; x_wconf 87' lang='lat' dir='ltr'>fint</span> <span class='ocrx_word' id='word_1_175' title='bbox 1311 2182 1498 2258; x_wconf 79' lang='lat' dir='ltr'>slmul</span> <span class='ocrx_word' id='word_1_176' title='bbox 1512 2190 1690 2259; x_wconf 75' lang='lat' dir='ltr'>unita</span> <span class='ocrx_word' id='word_1_177' title='bbox 1707 2197 1776 2260; x_wconf 79' lang='grc' dir='ltr'>δι</span> <span class='ocrx_word' id='word_1_178' title='bbox 1789 2191 2134 2279; x_wconf 70' lang='lat' dir='ltr'>conjuncta</span> <span class='ocrx_word' id='word_1_179' title='bbox 2150 2237 2172 2272; x_wconf 85' lang='lat'><strong>,</strong></span> <span class='ocrx_word' id='word_1_180' title='bbox 2192 2190 2261 2262; x_wconf 90' lang='lat' dir='ltr'>id</span> <span class='ocrx_word' id='word_1_181' title='bbox 2277 2190 2364 2262; x_wconf 84' lang='lat' dir='ltr'>est</span> <span class='ocrx_word' id='word_1_182' title='bbox 2378 2216 2614 2265; x_wconf 86' lang='lat' dir='ltr'>eorum</span> 
     </span>
     <span class='ocr_line' id='line_1_20' title="bbox 314 2280 2616 2380; baseline -0.002 -16"><span class='ocrx_word' id='word_1_183' title='bbox 314 2289 754 2364; x_wconf 83' lang='lat' dir='ltr'>extremitates</span> <span class='ocrx_word' id='word_1_184' title='bbox 765 2288 832 2356; x_wconf 86' lang='lat' dir='ltr'>in</span> <span class='ocrx_word' id='word_1_185' title='bbox 848 2282 1079 2356; x_wconf 86' lang='lat' dir='ltr'>eodem</span> <span class='ocrx_word' id='word_1_186' title='bbox 1108 2280 1155 2353; x_wconf 86' lang='lat' dir='ltr'>fi</span> <span class='ocrx_word' id='word_1_187' title='bbox 1161 2301 1233 2354; x_wconf 89' lang='lat' dir='ltr'>tu</span> <span class='ocrx_word' id='word_1_188' title='bbox 1259 2283 1437 2379; x_wconf 84' lang='lat' dir='ltr'>spatii</span> <span class='ocrx_word' id='word_1_189' title='bbox 1464 2286 1779 2356; x_wconf 79' lang='lat' dir='ltr'>mundani</span> <span class='ocrx_word' id='word_1_190' title='bbox 1810 2286 2078 2358; x_wconf 82' lang='lat' dir='ltr'>existant</span> <span class='ocrx_word' id='word_1_191' title='bbox 2089 2334 2113 2368; x_wconf 88' lang='lat'><strong><em>,</em></strong></span> <span class='ocrx_word' id='word_1_192' title='bbox 2157 2286 2425 2380; x_wconf 84' lang='lat' dir='ltr'>quando</span> <span class='ocrx_word' id='word_1_193' title='bbox 2452 2289 2616 2360; x_wconf 71' lang='lat' dir='ltr'>verb</span> 
     </span>
     <span class='ocr_line' id='line_1_21' title="bbox 313 2379 2614 2475; baseline -0.001 -15"><span class='ocrx_word' id='word_1_194' title='bbox 313 2386 479 2463; x_wconf 84' lang='lat' dir='ltr'>haec</span> <span class='ocrx_word' id='word_1_195' title='bbox 494 2383 789 2458; x_wconf 86' lang='lat' dir='ltr'>conditio</span> <span class='ocrx_word' id='word_1_196' title='bbox 803 2379 1054 2464; x_wconf 85' lang='lat' dir='ltr'>deficit,</span> <span class='ocrx_word' id='word_1_197' title='bbox 1091 2379 1328 2454; x_wconf 72' lang='lat' dir='ltr'>scilicet</span> <span class='ocrx_word' id='word_1_198' title='bbox 1340 2379 1605 2475; x_wconf 91' lang='lat' dir='ltr'>quando</span> <span class='ocrx_word' id='word_1_199' title='bbox 1618 2379 1895 2456; x_wconf 83' lang='lat' dir='ltr'>existunt</span> <span class='ocrx_word' id='word_1_200' title='bbox 1922 2386 1984 2454; x_wconf 91' lang='lat' dir='ltr'>in</span> <span class='ocrx_word' id='word_1_201' title='bbox 2019 2381 2278 2455; x_wconf 71' lang='lat' dir='ltr'>diversis</span> <span class='ocrx_word' id='word_1_202' title='bbox 2307 2385 2463 2455; x_wconf 85' lang='lat' dir='ltr'>locis</span> <span class='ocrx_word' id='word_1_203' title='bbox 2476 2431 2498 2467; x_wconf 87' lang='lat'>‚</span> <span class='ocrx_word' id='word_1_204' title='bbox 2543 2392 2614 2457; x_wconf 75' lang='grc' dir='ltr'>δε</span> 
     </span>
     <span class='ocr_line' id='line_1_22' title="bbox 311 2476 2614 2579; baseline 0 -24"><span class='ocrx_word' id='word_1_205' title='bbox 311 2508 556 2560; x_wconf 83' lang='lat' dir='ltr'>eorum</span> <span class='ocrx_word' id='word_1_206' title='bbox 572 2485 1002 2555; x_wconf 79' lang='lat' dir='ltr'>extremitates</span> <span class='ocrx_word' id='word_1_207' title='bbox 1015 2504 1145 2550; x_wconf 93' lang='lat' dir='ltr'>non</span> <span class='ocrx_word' id='word_1_208' title='bbox 1161 2478 1303 2551; x_wconf 90' lang='lat' dir='ltr'>sunt</span> <span class='ocrx_word' id='word_1_209' title='bbox 1316 2476 1505 2551; x_wconf 86' lang='lat' dir='ltr'>fimul</span> <span class='ocrx_word' id='word_1_210' title='bbox 1517 2525 1542 2559; x_wconf 86' lang='lat'>‚</span> <span class='ocrx_word' id='word_1_211' title='bbox 1587 2500 1742 2550; x_wconf 88' lang='lat' dir='ltr'>tunc</span> <span class='ocrx_word' id='word_1_212' title='bbox 1757 2504 1892 2552; x_wconf 90' lang='lat' dir='ltr'>non</span> <span class='ocrx_word' id='word_1_213' title='bbox 1906 2481 1969 2553; x_wconf 89' lang='lat' dir='ltr'>se</span> <span class='ocrx_word' id='word_1_214' title='bbox 1984 2502 2255 2579; x_wconf 82' lang='lat' dir='ltr'>tangunt</span> <span class='ocrx_word' id='word_1_215' title='bbox 2270 2480 2512 2579; x_wconf 81' lang='lat' dir='ltr'>duplici</span> <span class='ocrx_word' id='word_1_216' title='bbox 2529 2481 2614 2556; x_wconf 87' lang='lat' dir='ltr'>de</span> 
     </span>
     <span class='ocr_line' id='line_1_23' title="bbox 312 2577 2611 2679; baseline -0.001 -22"><span class='ocrx_word' id='word_1_217' title='bbox 312 2584 505 2657; x_wconf 79' lang='lat' dir='ltr'>causa</span> <span class='ocrx_word' id='word_1_218' title='bbox 519 2631 542 2664; x_wconf 84' lang='lat'>,</span> <span class='ocrx_word' id='word_1_219' title='bbox 590 2602 699 2653; x_wconf 84' lang='lat' dir='ltr'>aut</span> <span class='ocrx_word' id='word_1_220' title='bbox 722 2581 874 2673; x_wconf 90' lang='lat' dir='ltr'>quia</span> <span class='ocrx_word' id='word_1_221' title='bbox 903 2580 1067 2649; x_wconf 89' lang='lat' dir='ltr'>inter</span> <span class='ocrx_word' id='word_1_222' title='bbox 1100 2603 1173 2649; x_wconf 89' lang='lat' dir='ltr'>ea</span> <span class='ocrx_word' id='word_1_223' title='bbox 1198 2577 1598 2673; x_wconf 84' lang='lat' dir='ltr'>intercipitur</span> <span class='ocrx_word' id='word_1_224' title='bbox 1613 2578 1784 2651; x_wconf 81' lang='lat' dir='ltr'>aliud</span> <span class='ocrx_word' id='word_1_225' title='bbox 1801 2601 2071 2675; x_wconf 84' lang='lat' dir='ltr'>corpus,</span> <span class='ocrx_word' id='word_1_226' title='bbox 2117 2580 2356 2679; x_wconf 68' lang='lat' dir='ltr'>nempe</span> <span class='ocrx_word' id='word_1_227' title='bbox 2375 2586 2488 2656; x_wconf 77' lang='lat' dir='ltr'>aiii·</span> <span class='ocrx_word' id='word_1_228' title='bbox 2501 2601 2611 2655; x_wconf 86' lang='lat' dir='ltr'>aut</span> 
     </span>
     <span class='ocr_line' id='line_1_24' title="bbox 318 2671 2612 2778; baseline 0 -28"><span class='ocrx_word' id='word_1_229' title='bbox 318 2704 522 2778; x_wconf 74' lang='lat' dir='ltr'>aqua,</span> <span class='ocrx_word' id='word_1_230' title='bbox 543 2699 650 2750; x_wconf 89' lang='lat' dir='ltr'>aut</span> <span class='ocrx_word' id='word_1_231' title='bbox 662 2680 812 2772; x_wconf 89' lang='lat' dir='ltr'>quia</span> <span class='ocrx_word' id='word_1_232' title='bbox 827 2676 1181 2775; x_wconf 77' lang='lat' dir='ltr'>separantur</span> <span class='ocrx_word' id='word_1_233' title='bbox 1194 2678 1272 2747; x_wconf 87' lang='lat' dir='ltr'>ab</span> <span class='ocrx_word' id='word_1_234' title='bbox 1287 2676 1560 2772; x_wconf 87' lang='lat' dir='ltr'>ipsomet</span> <span class='ocrx_word' id='word_1_235' title='bbox 1573 2671 1782 2746; x_wconf 86' lang='lat' dir='ltr'>nihilo</span> <span class='ocrx_word' id='word_1_236' title='bbox 1797 2677 1903 2747; x_wconf 72' lang='lat' dir='ltr'>seit</span> <span class='ocrx_word' id='word_1_237' title='bbox 1915 2701 2143 2760; x_wconf 86' lang='lat' dir='ltr'>vacuo,</span> <span class='ocrx_word' id='word_1_238' title='bbox 2162 2684 2230 2746; x_wconf 89' lang='lat'>&amp;</span> <span class='ocrx_word' id='word_1_239' title='bbox 2244 2680 2312 2748; x_wconf 90' lang='lat' dir='ltr'>in</span> <span class='ocrx_word' id='word_1_240' title='bbox 2325 2697 2612 2774; x_wconf 90' lang='lat' dir='ltr'>utroque</span> 
     </span>
     <span class='ocr_line' id='line_1_25' title="bbox 317 2770 2613 2870; baseline -0.002 -17"><span class='ocrx_word' id='word_1_241' title='bbox 317 2784 474 2853; x_wconf 80' lang='lat' dir='ltr'>casu</span> <span class='ocrx_word' id='word_1_242' title='bbox 498 2780 665 2850; x_wconf 85' lang='lat' dir='ltr'>ratio</span> <span class='ocrx_word' id='word_1_243' title='bbox 691 2798 886 2870; x_wconf 85' lang='lat' dir='ltr'>quare</span> <span class='ocrx_word' id='word_1_244' title='bbox 914 2793 1060 2845; x_wconf 75' lang='lat' dir='ltr'>non</span> <span class='ocrx_word' id='word_1_245' title='bbox 1076 2793 1430 2868; x_wconf 82' lang='lat' dir='ltr'>tanguntur</span> <span class='ocrx_word' id='word_1_246' title='bbox 1451 2818 1473 2854; x_wconf 87' lang='lat'>‚</span> <span class='ocrx_word' id='word_1_247' title='bbox 1518 2770 1610 2841; x_wconf 89' lang='lat' dir='ltr'>est</span> <span class='ocrx_word' id='word_1_248' title='bbox 1638 2775 1789 2864; x_wconf 85' lang='lat' dir='ltr'>quia</span> <span class='ocrx_word' id='word_1_249' title='bbox 1807 2775 2066 2845; x_wconf 87' lang='lat' dir='ltr'>termini</span> <span class='ocrx_word' id='word_1_250' title='bbox 2078 2798 2308 2848; x_wconf 88' lang='lat' dir='ltr'>eorum</span> <span class='ocrx_word' id='word_1_251' title='bbox 2324 2800 2457 2848; x_wconf 92' lang='lat' dir='ltr'>non</span> <span class='ocrx_word' id='word_1_252' title='bbox 2470 2777 2613 2850; x_wconf 89' lang='lat' dir='ltr'>sunt</span> 
     </span>
     <span class='ocr_line' id='line_1_26' title="bbox 307 2867 2402 2971; baseline -0.002 -19"><span class='ocrx_word' id='word_1_253' title='bbox 307 2874 659 2970; x_wconf 69' lang='lat' dir='ltr'>conjunffl</span> <span class='ocrx_word' id='word_1_254' title='bbox 668 2920 693 2960; x_wconf 87' lang='lat'>‚</span> <span class='ocrx_word' id='word_1_255' title='bbox 708 2893 902 2968; x_wconf 86' lang='lat' dir='ltr'>atque</span> <span class='ocrx_word' id='word_1_256' title='bbox 914 2872 1099 2944; x_wconf 90' lang='lat' dir='ltr'>uniti.</span> <span class='ocrx_word' id='word_1_257' title='bbox 1147 2870 1354 2944; x_wconf 88' lang='lat' dir='ltr'>Unde</span> <span class='ocrx_word' id='word_1_258' title='bbox 1366 2887 1535 2968; x_wconf 89' lang='lat' dir='ltr'>patet</span> <span class='ocrx_word' id='word_1_259' title='bbox 1549 2871 1802 2944; x_wconf 67' lang='lat' dir='ltr'>nullitas</span> <span class='ocrx_word' id='word_1_260' title='bbox 1810 2867 2004 2966; x_wconf 83' lang='lat' dir='ltr'>hujus</span> <span class='ocrx_word' id='word_1_261' title='bbox 2021 2875 2402 2971; x_wconf 79' lang='lat' dir='ltr'>argumenti.</span> 
     </span>
    </p>
   </div>
   <div class='ocr_carea' id='block_1_6' title="bbox 682 3052 2255 3130">
    <p class='ocr_par' dir='ltr' id='par_1_7' title="bbox 682 3052 2255 3130">
     <span class='ocr_line' id='line_1_27' title="bbox 682 3052 2255 3130; baseline -0.004 0"><span class='ocrx_word' id='word_1_262' title='bbox 682 3052 1671 3130; x_wconf 86' lang='lat' dir='ltr'><strong>PROPOSITIO</strong></span> <span class='ocrx_word' id='word_1_263' title='bbox 1767 3055 2255 3127; x_wconf 87' lang='lat' dir='ltr'><strong>CCLVIII.</strong></span> 
     </span>
    </p>
   </div>
   <div class='ocr_carea' id='block_1_7' title="bbox 301 3211 2614 3407">
    <p class='ocr_par' dir='ltr' id='par_1_8' title="bbox 301 3211 2614 3407">
     <span class='ocr_line' id='line_1_28' title="bbox 301 3211 2614 3310; baseline -0.006 -15"><span class='ocrx_word' id='word_1_264' title='bbox 301 3211 545 3295; x_wconf 78' lang='lat' dir='ltr'><em>Nulla</em></span> <span class='ocrx_word' id='word_1_265' title='bbox 576 3223 748 3293; x_wconf 76' lang='lat' dir='ltr'>ratio</span> <span class='ocrx_word' id='word_1_266' title='bbox 759 3213 999 3309; x_wconf 68' lang='lat' dir='ltr'>studet</span> <span class='ocrx_word' id='word_1_267' title='bbox 1023 3213 1335 3285; x_wconf 80' lang='lat' dir='ltr'>mundum</span> <span class='ocrx_word' id='word_1_268' title='bbox 1356 3237 1728 3310; x_wconf 73' lang='lat' dir='ltr'>corporeum</span> <span class='ocrx_word' id='word_1_269' title='bbox 1753 3212 2072 3302; x_wconf 76' lang='lat' dir='ltr'>infinitum</span> <span class='ocrx_word' id='word_1_270' title='bbox 2088 3230 2355 3303; x_wconf 55' lang='lat' dir='ltr'>ponere,</span> <span class='ocrx_word' id='word_1_271' title='bbox 2398 3230 2474 3279; x_wconf 75' lang='lat' dir='ltr'>ut</span> <span class='ocrx_word' id='word_1_272' title='bbox 2491 3235 2614 3308; x_wconf 49' lang='lat' dir='ltr'>vag</span> 
     </span>
     <span class='ocr_line' id='line_1_29' title="bbox 311 3307 1277 3407; baseline -0.008 -15"><span class='ocrx_word' id='word_1_273' title='bbox 311 3313 320 3318; x_wconf 61' lang='grc'><strong>’</strong></span> <span class='ocrx_word' id='word_1_274' title='bbox 410 3343 611 3392; x_wconf 74' lang='lat' dir='ltr'>cunm</span> <span class='ocrx_word' id='word_1_275' title='bbox 640 3307 888 3386; x_wconf 54' lang='lat' dir='ltr'>omnini</span> <span class='ocrx_word' id='word_1_276' title='bbox 911 3317 1277 3407; x_wconf 61' lang='lat' dir='ltr'>rejiciatur.</span> 
     </span>
    </p>
   </div>
   <div class='ocr_carea' id='block_1_8' title="bbox 281 3459 2612 4061">
    <p class='ocr_par' dir='ltr' id='par_1_9' title="bbox 281 3459 2612 4061">
     <span class='ocr_line' id='line_1_30' title="bbox 305 3459 2612 3566; baseline -0.002 -22"><span class='ocrx_word' id='word_1_277' title='bbox 305 3491 314 3504; x_wconf 79' lang='grc'><strong><em>’</em></strong></span> <span class='ocrx_word' id='word_1_278' title='bbox 414 3471 581 3544; x_wconf 83' lang='lat' dir='ltr'>Satis</span> <span class='ocrx_word' id='word_1_279' title='bbox 604 3466 918 3566; x_wconf 86' lang='lat' dir='ltr'>superque</span> <span class='ocrx_word' id='word_1_280' title='bbox 941 3469 1226 3566; x_wconf 86' lang='lat' dir='ltr'>percipio</span> <span class='ocrx_word' id='word_1_281' title='bbox 1243 3487 1388 3541; x_wconf 85' lang='lat' dir='ltr'>ante</span> <span class='ocrx_word' id='word_1_282' title='bbox 1410 3461 1784 3563; x_wconf 80' lang='lat' dir='ltr'>praemiss&#39;am</span> <span class='ocrx_word' id='word_1_283' title='bbox 1809 3459 2328 3565; x_wconf 76' lang='lat' dir='ltr'>Pmpofitionem</span> <span class='ocrx_word' id='word_1_284' title='bbox 2342 3467 2612 3540; x_wconf 56' lang='lat' dir='ltr'>convini</span> 
     </span>
     <span class='ocr_line' id='line_1_31' title="bbox 281 3562 2610 3663; baseline -0.002 -22"><span class='ocrx_word' id='word_1_285' title='bbox 281 3580 470 3649; x_wconf 58' lang='grc' dir='ltr'>τότε</span> <span class='ocrx_word' id='word_1_286' title='bbox 500 3565 753 3640; x_wconf 73' lang='lat' dir='ltr'>nedum</span> <span class='ocrx_word' id='word_1_287' title='bbox 769 3567 1246 3663; x_wconf 73' lang='lat' dir='ltr'>Peripatetic05‚</span> <span class='ocrx_word' id='word_1_288' title='bbox 1259 3562 1368 3638; x_wconf 88' lang='lat' dir='ltr'>sed</span> <span class='ocrx_word' id='word_1_289' title='bbox 1389 3567 1582 3636; x_wconf 85' lang='lat' dir='ltr'>etiam</span> <span class='ocrx_word' id='word_1_290' title='bbox 1608 3587 1719 3639; x_wconf 83' lang='lat' dir='ltr'>eos</span> <span class='ocrx_word' id='word_1_291' title='bbox 1731 3588 1980 3648; x_wconf 85' lang='lat' dir='ltr'>omnes,</span> <span class='ocrx_word' id='word_1_292' title='bbox 1990 3566 2107 3660; x_wconf 89' lang='lat' dir='ltr'>qui</span> <span class='ocrx_word' id='word_1_293' title='bbox 2125 3563 2447 3636; x_wconf 89' lang='lat' dir='ltr'>mundum</span> <span class='ocrx_word' id='word_1_294' title='bbox 2462 3562 2610 3636; x_wconf 89' lang='lat' dir='ltr'>fini-</span> 
     </span>
     <span class='ocr_line' id='line_1_32' title="bbox 309 3659 2611 3758; baseline -0.004 -11"><span class='ocrx_word' id='word_1_295' title='bbox 309 3662 608 3747; x_wconf 77' lang='lat' dir='ltr'>tumess&#39;e</span> <span class='ocrx_word' id='word_1_296' title='bbox 623 3661 1040 3747; x_wconf 83' lang='lat' dir='ltr'>concedunt,</span> <span class='ocrx_word' id='word_1_297' title='bbox 1087 3687 1224 3735; x_wconf 91' lang='lat' dir='ltr'>non</span> <span class='ocrx_word' id='word_1_298' title='bbox 1238 3686 1395 3736; x_wconf 84' lang='lat' dir='ltr'>vero</span> <span class='ocrx_word' id='word_1_299' title='bbox 1407 3685 1553 3748; x_wconf 68' lang='lat' dir='ltr'>eoa,</span> <span class='ocrx_word' id='word_1_300' title='bbox 1585 3664 1703 3758; x_wconf 87' lang='lat' dir='ltr'>qui</span> <span class='ocrx_word' id='word_1_301' title='bbox 1722 3663 1954 3737; x_wconf 88' lang='lat' dir='ltr'>mundi</span> <span class='ocrx_word' id='word_1_302' title='bbox 1975 3659 2446 3735; x_wconf 71' lang='lat' dir='ltr'>universitatem</span> <span class='ocrx_word' id='word_1_303' title='bbox 2460 3687 2611 3737; x_wconf 86' lang='lat' dir='ltr'>cor·</span> 
     </span>
     <span class='ocr_line' id='line_1_33' title="bbox 315 3757 2611 3870; baseline -0.002 -29"><span class='ocrx_word' id='word_1_304' title='bbox 315 3789 594 3870; x_wconf 78' lang='lat' dir='ltr'>porcam</span> <span class='ocrx_word' id='word_1_305' title='bbox 609 3761 929 3836; x_wconf 87' lang='lat' dir='ltr'>infinitam</span> <span class='ocrx_word' id='word_1_306' title='bbox 947 3811 971 3848; x_wconf 86' lang='lat'>‚</span> <span class='ocrx_word' id='word_1_307' title='bbox 1017 3770 1090 3836; x_wconf 88' lang='lat'>&amp;</span> <span class='ocrx_word' id='word_1_308' title='bbox 1116 3760 1407 3857; x_wconf 89' lang='lat' dir='ltr'>undique</span> <span class='ocrx_word' id='word_1_309' title='bbox 1433 3762 1751 3836; x_wconf 77' lang='lat' dir='ltr'>extensam</span> <span class='ocrx_word' id='word_1_310' title='bbox 1778 3757 1902 3833; x_wconf 85' lang='lat' dir='ltr'>effe</span> <span class='ocrx_word' id='word_1_311' title='bbox 1915 3761 2033 3834; x_wconf 83' lang='lat' dir='ltr'>fibi</span> <span class='ocrx_word' id='word_1_312' title='bbox 2047 3759 2397 3848; x_wconf 87' lang='lat' dir='ltr'>suaserunt,</span> <span class='ocrx_word' id='word_1_313' title='bbox 2444 3762 2611 3837; x_wconf 90' lang='lat' dir='ltr'>inter</span> 
     </span>
     <span class='ocr_line' id='line_1_34' title="bbox 322 3857 2612 3962; baseline -0.002 -25"><span class='ocrx_word' id='word_1_314' title='bbox 322 3889 499 3962; x_wconf 78' lang='lat' dir='ltr'>quos</span> <span class='ocrx_word' id='word_1_315' title='bbox 529 3863 834 3939; x_wconf 85' lang='lat' dir='ltr'>recenseri</span> <span class='ocrx_word' id='word_1_316' title='bbox 879 3859 1135 3937; x_wconf 83' lang='lat' dir='ltr'>videtur</span> <span class='ocrx_word' id='word_1_317' title='bbox 1175 3859 1494 3934; x_wconf 77' lang='lat' dir='ltr'>Cartefius</span> <span class='ocrx_word' id='word_1_318' title='bbox 1520 3908 1543 3944; x_wconf 87' lang='lat'>‚</span> <span class='ocrx_word' id='word_1_319' title='bbox 1604 3862 1756 3957; x_wconf 83' lang='lat' dir='ltr'>quia</span> <span class='ocrx_word' id='word_1_320' title='bbox 1802 3858 1891 3932; x_wconf 85' lang='lat' dir='ltr'>ait</span> <span class='ocrx_word' id='word_1_321' title='bbox 1929 3857 2327 3933; x_wconf 85' lang='lat' dir='ltr'>substantiam</span> <span class='ocrx_word' id='word_1_322' title='bbox 2372 3886 2612 3958; x_wconf 86' lang='lat' dir='ltr'>corpo-</span> 
     </span>
     <span class='ocr_line' id='line_1_35' title="bbox 317 3955 2612 4061; baseline -0.006 -22"><span class='ocrx_word' id='word_1_323' title='bbox 317 3986 496 4041; x_wconf 86' lang='lat' dir='ltr'>ream</span> <span class='ocrx_word' id='word_1_324' title='bbox 521 3961 859 4045; x_wconf 67' lang='lat' dir='ltr'>indefinite</span> <span class='ocrx_word' id='word_1_325' title='bbox 902 3960 1218 4043; x_wconf 79' lang='lat' dir='ltr'>extensam</span> <span class='ocrx_word' id='word_1_326' title='bbox 1247 3957 1575 4037; x_wconf 88' lang='lat' dir='ltr'>mundum</span> <span class='ocrx_word' id='word_1_327' title='bbox 1607 3956 1839 4057; x_wconf 84' lang='lat' dir='ltr'>habere</span> <span class='ocrx_word' id='word_1_328' title='bbox 1875 4007 1898 4049; x_wconf 86' lang='lat'>‚</span> <span class='ocrx_word' id='word_1_329' title='bbox 1959 3966 2027 4037; x_wconf 83' lang='lat'>&amp;</span> <span class='ocrx_word' id='word_1_330' title='bbox 2051 3955 2213 4061; x_wconf 62' lang='lat' dir='ltr'>lieet</span> <span class='ocrx_word' id='word_1_331' title='bbox 2233 3985 2366 4036; x_wconf 90' lang='lat' dir='ltr'>non</span> <span class='ocrx_word' id='word_1_332' title='bbox 2392 3978 2612 4030; x_wconf 83' lang='lat' dir='ltr'>utatur</span> 
     </span>
    </p>
   </div>
   <div class='ocr_carea' id='block_1_9' title="bbox 1371 4066 2617 4194">
    <p class='ocr_par' dir='ltr' id='par_1_10' title="bbox 1371 4066 2617 4194">
     <span class='ocr_line' id='line_1_36' title="bbox 1371 4066 2617 4194; baseline -0.007 -60"><span class='ocrx_word' id='word_1_333' title='bbox 1371 4066 1518 4165; x_wconf 60' lang='lat' dir='ltr'>§Tr</span> <span class='ocrx_word' id='word_1_334' title='bbox 1566 4068 1638 4194; x_wconf 47' lang='lat'>32</span> <span class='ocrx_word' id='word_1_335' title='bbox 2425 4076 2617 4144; x_wconf 66' lang='lat' dir='ltr'>yoce,</span> 
     </span>
    </p>
   </div>
  </div>
 </body>
</html>
