3692 4534
1091 194 1173 285 36
1522 134 2968 286 JohnAzsseoREL'LJ

780 324 1051 395 citam.
1090 318 1168 385 ab
1197 313 1342 411 ipfis
1370 313 1944 410 comprimeretur,
1993 334 2201 404 neque
2224 311 2419 381 ullam
2435 309 2811 405 gravitatem
2830 296 3197 403 perciperet
3216 359 3242 393 ,
3261 308 3395 385 hoc

776 488 790 501 ‚
833 425 1058 473 fluidum
1091 436 1304 487 autem
1339 440 1470 485 non
1509 412 1828 508 contingit
1861 435 1942 480 ex
1977 435 2061 481 eo
2096 458 2117 492 ,
2166 407 2355 502 quod
2396 409 2652 477 laminae
2684 408 2968 476 lateritiae
3001 408 3400 503 gravitatem

847 485 897 535 su

764 504 833 600 22²,
852 501 1028 617 φῖζῗ.
1094 516 1422 597 amittant,
1468 519 1534 583 δι
1549 508 1850 582 deorsum
1870 510 1961 577 nil
1983 510 2408 602 comprimant
2421 555 2443 588 ,
2472 503 2597 593 ‚sed
2614 508 2766 598 quia
2790 506 2868 574 ab
2881 507 3111 597 aequali
3143 508 3217 576 vi
3232 531 3398 580 con·

757 626 887 661 “²²⁰⁵
909 626 1031 675 pon·
1092 615 1278 685 traria
1301 609 1715 689 sustinentur,
1763 631 1832 677 ac
1848 606 2098 678 sursum
2129 606 2542 700 impelluntur
2570 604 2605 673 Ξι
2622 600 2905 697 pondere
2922 604 3163 700 nempe
3179 628 3399 702 oppo-

778 674 931 725 derat.

1097 708 1224 784 fito
1252 715 1358 782 IN
1406 706 1525 780 fibi
1555 707 1784 800 aequali
1811 706 1877 775 in
1913 703 2075 773 libra
2124 707 2245 773 AB
2294 720 2646 799 premente.
2737 707 3039 772 Praeterea
3071 705 3395 796 quaelibet

1092 809 1327 881 lamina
1368 803 1748 878 intermedia
1795 807 1905 873 PE
1952 800 2250 873 fimiliter
2280 801 2548 895 quiescit
2574 840 2598 882 ,
2643 794 3009 893 sistiturque
3038 801 3227 871 iners
3251 850 3276 887 ,
3323 822 3397 874 ut

1091 930 1305 1001 neque
1319 905 1564 976 sursum
1582 951 1605 987 ,
1638 926 1848 997 neque
1871 899 2176 972 deorsum
2194 920 2535 972 moveatur
2553 945 2576 981 ,
2624 919 2836 992 neque
2864 894 3229 987 subjestam
3261 923 3394 971 ma·

1090 1027 1252 1075 num
1268 1052 1290 1087 ,
1338 1026 1493 1098 quae
1511 1001 1993 1073 lateraliter-eam
2015 998 2284 1071 retinere
2296 1017 2636 1069 conaretur
2650 991 2960 1069 ullatenus
2979 999 3396 1094 comprimit,

1092 1124 1204 1175 aut
1223 1103 1494 1199 impellit
1508 1149 1528 1184 ,
1544 1108 1608 1172 &
1627 1094 1756 1172 hoc
1770 1094 2047 1170 efficitur
2059 1098 2214 1191 quia
2224 1096 2455 1169 lamina
2479 1099 2590 1166 PE
2611 1093 3065 1189 comprimitur
3077 1092 3392 1177 deorsum

1090 1202 1174 1272 ab
1199 1201 1613 1271 incumbente
1642 1195 1928 1293 pondere
1973 1199 2134 1279 PH,
2181 1194 2431 1267 sursum
2470 1196 2630 1265 vero
2659 1191 3069 1288 impellitur}
3104 1192 3395 1286 subjecta

1090 1299 1329 1371 lamina
1375 1302 1506 1369 DE
1552 1320 1688 1367 non
1718 1296 1955 1367 virtute
2032 1292 2286 1389 ropria,
2333 1290 2440 1364 sed
2462 1290 2633 1382 ejus,
2683 1313 2884 1386 quam
2940 1313 3205 1365 exercet
3236 1315 3391 1365 con·

1095 1415 1192 1468 tra
1215 1393 1502 1497 positum
1519 1390 1776 1491 pondus
1804 1396 1936 1477 lN,
1995 1392 2203 1464 cilicet
2214 1411 2388 1464 tanta
2402 1391 2503 1475 vi,
2548 1409 2785 1485 quanta
2798 1388 3059 1486 pondus
3083 1395 3198 1463 IN
3219 1390 3396 1489 supe-

1092 1517 1191 1567 rat
1202 1492 1464 1592 pondus
1511 1496 1663 1576 DE,
1707 1488 1817 1563 sed
1837 1493 1991 1585 quia
2003 1511 2309 1588 praeterea
2327 1489 2701 1584 laminaipsa
2726 1490 2837 1558 PE
2872 1488 3392 1563 exercetvimsui

953 1666 962 1677 ,
1096 1591 1405 1690 ponderis
1435 1612 1663 1666 contra
1689 1586 2073 1687 preffionem
2100 1609 2329 1661 contra
2354 1583 2552 1686 pofiti
2579 1583 2857 1660 excess'us
2902 1588 3064 1674 KN,
3111 1587 3390 1662 fitutvis

1097 1716 1257 1787 quae
1272 1692 1546 1787 impellit
1575 1685 1824 1760 sursum
1852 1687 2155 1758 laminam
2171 1689 2281 1759 PE
2328 1710 2380 1757 ae
2432 1684 2585 1759 ualis
2617 1681 2695 1758 fit
2725 1684 3197 1784 excess'uiipfius
3240 1689 3387 1759 KN

1099 1790 1286 1886 supra
1329 1792 1462 1873 PE,
1508 1788 1744 1859 scilicet
1763 1786 2031 1881 aequalis
2047 1781 2129 1869 fit
2172 1789 2303 1856 NL
2315 1813 2337 1870 3
2417 1804 2665 1879 untque
2710 1785 2835 1856 PH
2863 1788 3080 1857 &LN
3126 1786 3288 1856 inter
3315 1783 3382 1856 se

1101 1888 1381 1980 oequales
1394 1914 1413 1972 3
1466 1909 1623 1984 ergo
1648 1884 1891 1957 viribus
1912 1884 2261 1979 aequalibus
2300 1886 2409 1955 FF.
2455 1881 2849 1980 deprimitur
2892 1906 2964 1955 ac
2986 1882 3230 1963 sursum
3252 1883 3379 1954 im-

1100 1985 1382 2080 pellitur.
1475 1988 1536 2055 E
1559 2003 1779 2055 contra
1815 1982 2048 2054 lamina
2092 1985 2203 2053 PE
2246 1981 2520 2080 impellit
2544 1979 2849 2079 deqrsum
2881 1983 3183 2055 laminam
3223 1984 3385 2067 DE,

1101 2079 1347 2156 nedum
1363 2084 1629 2177 proprio
1640 2079 1966 2179 pondere,
2014 2078 2123 2153 sed
2142 2081 2333 2153 etiam
2360 2081 2667 2180 gravitate
2693 2080 3076 2154 laminarum
3106 2084 3246 2166 FH3
3274 2101 3384 2177 pa·

1097 2180 1827 2352 dir
1841 2163 3386 2378 Pffffippzyz

2891 2329 2915 2364 2

1098 2303 1384 2462 constat?
1427 2375 2136 2471 quodlaminalateritia
2167 2378 2277 2447 PE
2306 2374 2765 2474 comprimitur
2775 2376 3043 2475 superne
3057 2375 3380 2449 &inferne

1099 2476 1137 2546 ὲ
1158 2472 1405 2547 duabus
1434 2474 1680 2547 viribus
1705 2474 2073 2571 contrariis,
2116 2497 2267 2570 quae
2279 2476 2626 2570 aequalibus
2654 2476 2999 2549 momentis
3012 2496 3370 2574 operantur,

1098 2573 1390 2666 aquibus
1412 2569 1695 2671 proinde
1724 2572 2037 2644 retinetur
2061 2570 2228 2658 fixe,
2276 2594 2351 2646 ut
2370 2595 2649 2669 nequeat
2671 2572 2922 2648 sursum
2935 2593 3048 2646 aut
3066 2572 3372 2649 deorsum

1098 2672 1377 2744 moveri.
1466 2674 1783 2756 Praeterea
1826 2672 2187 2771 colligitur,
2231 2668 2422 2768 quod
2463 2673 2679 2745 r‘evera
2712 2675 2952 2745 lamina
2989 2673 3243 2748 lateritia
3264 2677 3376 2745 PE

1099 2791 1236 2840 non
1266 2766 1421 2853 vere
1446 2771 1733 2866 inquiete
1770 2771 1959 2843 inerti
1987 2768 2427 2853 constituitur,
2471 2794 2593 2842 nec
2601 2769 2895 2870 pondere
2920 2774 3236 2871 privatur,
3275 2767 3384 2846 sed

1095 2867 1316 2964 potius
1337 2863 1616 2942 efficitur
1654 2870 1826 2939 Ιιιᾶα
1865 2867 2162 2967 quaedam
2190 2871 2653 2944 contrariarum
2696 2872 3015 2972 vinumm
3048 2873 3384 2969 aequalium

1093 2964 1376 3050 virium,
1408 2964 1586 3038 unde
1615 2967 1883 3062 aequatis
1912 2970 2293 3055 momentis,
2332 2990 2554 3043 motus
2574 2968 2833 3043 tonicus
2867 2965 2976 3044 seit
2988 2974 3177 3068 quies
3190 2969 3386 3046 subse-

1095 3065 1360 3159 quitur,
1409 3070 1479 3137 &
1503 3061 1658 3140 binc
1671 3062 2020 3139 deducitur
2053 3064 2243 3163 quod
2271 3066 2577 3163 praedicta
2591 3092 2867 3168 corpora
2878 3068 2941 3142 se
2954 3071 3201 3144 mutuo
3215 3093 3383 3145 com·

1095 3166 1426 3262 primunt,
1454 3171 1521 3237 &
1543 3161 1700 3242 hinc
1712 3162 1821 3249 fit,
1860 3185 1938 3239 ut
1949 3186 2177 3239 neuter
2205 3167 2695 3240 contrariorum
2712 3169 3198 3267 impellentium
3210 3170 3383 3244 suum

1097 3267 1220 3335 iter
1239 3264 1539 3363 prosequi
1584 3266 1786 3343 valeat
1805 3312 1830 3349 ‚
1892 3262 2302 3363 proindeque
2360 3286 2680 3365 cogantur
2712 3266 2843 3342 fixe
2887 3269 2958 3341 in
2999 3267 3243 3344 eodem
3271 3265 3387 3341 ficu

1077 3458 1086 3467 .
1103 3363 1456 3457 quiescere.

1519 3465 2519 3538 PROPOSITIO
2610 3466 3035 3540 XXIII.

1452 3606 1745 3704 Idipficm
1765 3616 1831 3676 in
1861 3633 2034 3706 aqua
2058 3607 2406 3700 ostenditur
2440 3616 2726 3713 exemplo
2750 3570 3066 3713 Snphonrs.

1189 3758 1458 3835 Eodem
1484 3760 1624 3839 fere
1640 3763 1851 3839 modo
1865 3768 1931 3841 in
1950 3791 2116 3862 aqua
2138 3765 2317 3843 idem
2339 3768 2785 3869 ³‹equilibrinm'
2801 3771 2973 3850 effici
2990 3766 3391 3849 manifestum

1098 3854 1224 3949 est,
1242 3860 1649 3981 prqindeque
1674 3886 1877 3966 partes
1900 3862 2094 3969 ipfius
2121 3893 2303 3969 aquae
2314 3873 2555 3974 partim
2580 3871 2851 3977 superne
2881 3876 3237 3991 fompfimi
3255 3867 3395 3946 Mu.

2744 4030 2757 4037 -
3260 3988 3399 4070 per-⁵,
