<?xml version="1.0" encoding="UTF-8"?>
<!DOCTYPE html PUBLIC "-//W3C//DTD XHTML 1.0 Transitional//EN"
    "http://www.w3.org/TR/xhtml1/DTD/xhtml1-transitional.dtd">
<html xmlns="http://www.w3.org/1999/xhtml" xml:lang="en" lang="en">
 <head>
  <title>
</title>
<meta http-equiv="Content-Type" content="text/html;charset=utf-8" />
  <meta name='ocr-system' content='tesseract 3.04.00' />
  <meta name='ocr-capabilities' content='ocr_page ocr_carea ocr_par ocr_line ocrx_word'/>
</head>
<body>
  <div class='ocr_page' id='page_1' title='image "./devipercussioni00unkngoog_0639.png"; bbox 0 0 3692 4534; ppageno 0'>
   <div class='ocr_carea' id='block_1_1' title="bbox 597 203 2922 323">
    <p class='ocr_par' dir='ltr' id='par_1_1' title="bbox 597 203 2922 323">
     <span class='ocr_line' id='line_1_1' title="bbox 597 203 2922 323; baseline 0.007 -36"><span class='ocrx_word' id='word_1_1' title='bbox 597 218 674 287; x_wconf 87' lang='lat' dir='ltr'><em>D</em></span> <span class='ocrx_word' id='word_1_2' title='bbox 698 210 762 288; x_wconf 81' lang='grc' dir='ltr'><em>Ε</em></span> <span class='ocrx_word' id='word_1_3' title='bbox 806 217 912 285; x_wconf 83' lang='grc' dir='ltr'><em>Μ</em></span> <span class='ocrx_word' id='word_1_4' title='bbox 929 216 995 285; x_wconf 92' lang='grc' dir='ltr'><em>Ο</em></span> <span class='ocrx_word' id='word_1_5' title='bbox 1016 215 1146 285; x_wconf 85' lang='lat' dir='ltr'>TI</span> <span class='ocrx_word' id='word_1_6' title='bbox 1171 216 1242 283; x_wconf 84' lang='grc' dir='ltr'>Β.</span> <span class='ocrx_word' id='word_1_7' title='bbox 1287 214 1476 286; x_wconf 88' lang='lat' dir='ltr'>NA</span> <span class='ocrx_word' id='word_1_8' title='bbox 1497 211 1577 283; x_wconf 79' lang='lat' dir='ltr'>T.</span> <span class='ocrx_word' id='word_1_9' title='bbox 1624 203 1668 281; x_wconf 66' lang='grc' dir='ltr'><strong>ἃ</strong></span> <span class='ocrx_word' id='word_1_10' title='bbox 1698 215 2050 285; x_wconf 73' lang='lat' dir='ltr'>Gravitate</span> <span class='ocrx_word' id='word_1_11' title='bbox 2076 212 2317 287; x_wconf 62' lang='lat' dir='ltr'>Fastis:</span> <span class='ocrx_word' id='word_1_12' title='bbox 2505 235 2620 311; x_wconf 82' lang='lat'>321</span> <span class='ocrx_word' id='word_1_13' title='bbox 2649 246 2922 323; x_wconf 62' lang='lat' dir='ltr'><strong>CAPqu·</strong></span> 
     </span>
    </p>
   </div>
   <div class='ocr_carea' id='block_1_2' title="bbox 267 330 3013 1196">
    <p class='ocr_par' dir='ltr' id='par_1_2' title="bbox 313 330 3013 923">
     <span class='ocr_line' id='line_1_2' title="bbox 335 330 3013 433; baseline -0 -19"><span class='ocrx_word' id='word_1_14' title='bbox 335 355 624 423; x_wconf 52' lang='lat' dir='ltr'>nmo,</span> <span class='ocrx_word' id='word_1_15' title='bbox 669 333 1260 411; x_wconf 82' lang='lat' dir='ltr'>&amp;extramundum</span> <span class='ocrx_word' id='word_1_16' title='bbox 1273 330 1629 405; x_wconf 79' lang='lat' dir='ltr'>senfibilem</span> <span class='ocrx_word' id='word_1_17' title='bbox 1645 335 1896 429; x_wconf 89' lang='lat' dir='ltr'>ubique</span> <span class='ocrx_word' id='word_1_18' title='bbox 1915 332 2144 407; x_wconf 86' lang='lat' dir='ltr'>eadem</span> <span class='ocrx_word' id='word_1_19' title='bbox 2159 335 2384 407; x_wconf 82' lang='lat' dir='ltr'>entitas</span> <span class='ocrx_word' id='word_1_20' title='bbox 2406 336 2619 433; x_wconf 84' lang='lat' dir='ltr'>spatia-</span> <span class='ocrx_word' id='word_1_21' title='bbox 2688 351 2769 399; x_wconf 80' lang='lat' dir='ltr'>De</span> <span class='ocrx_word' id='word_1_22' title='bbox 2783 351 2925 400; x_wconf 69' lang='lat' dir='ltr'>neni</span> <span class='ocrx_word' id='word_1_23' title='bbox 3000 337 3013 348; x_wconf 78' lang='grc'><em>“</em></span> 
     </span>
     <span class='ocr_line' id='line_1_3' title="bbox 330 411 2907 534; baseline 0 -24"><span class='ocrx_word' id='word_1_24' title='bbox 330 439 437 510; x_wconf 79' lang='lat' dir='ltr'>lis.</span> <span class='ocrx_word' id='word_1_25' title='bbox 488 441 594 510; x_wconf 84' lang='lat' dir='ltr'>Ex</span> <span class='ocrx_word' id='word_1_26' title='bbox 607 460 749 533; x_wconf 91' lang='lat' dir='ltr'>quo</span> <span class='ocrx_word' id='word_1_27' title='bbox 761 432 1043 534; x_wconf 64' lang='lat' dir='ltr'>proinde</span> <span class='ocrx_word' id='word_1_28' title='bbox 1058 432 1171 516; x_wconf 88' lang='lat' dir='ltr'>fit,</span> <span class='ocrx_word' id='word_1_29' title='bbox 1213 453 1287 505; x_wconf 85' lang='lat' dir='ltr'>ut</span> <span class='ocrx_word' id='word_1_30' title='bbox 1311 432 1584 528; x_wconf 85' lang='lat' dir='ltr'>spatium</span> <span class='ocrx_word' id='word_1_31' title='bbox 1609 434 1796 506; x_wconf 87' lang='lat' dir='ltr'>inane</span> <span class='ocrx_word' id='word_1_32' title='bbox 1824 434 2008 505; x_wconf 86' lang='lat' dir='ltr'>nullo</span> <span class='ocrx_word' id='word_1_33' title='bbox 2036 429 2246 504; x_wconf 92' lang='lat' dir='ltr'>modo</span> <span class='ocrx_word' id='word_1_34' title='bbox 2276 431 2616 510; x_wconf 86' lang='lat' dir='ltr'>admitten-</span> <span class='ocrx_word' id='word_1_35' title='bbox 2641 411 2907 523; x_wconf 55' lang='lat' dir='ltr'>{J‘ffiw</span> 
     </span>
     <span class='ocr_line' id='line_1_4' title="bbox 326 528 2618 627; baseline -0.001 -18"><span class='ocrx_word' id='word_1_36' title='bbox 326 534 492 609; x_wconf 90' lang='lat' dir='ltr'>dum</span> <span class='ocrx_word' id='word_1_37' title='bbox 507 534 620 620; x_wconf 82' lang='lat' dir='ltr'>fit,</span> <span class='ocrx_word' id='word_1_38' title='bbox 666 538 768 609; x_wconf 90' lang='lat' dir='ltr'>vel</span> <span class='ocrx_word' id='word_1_39' title='bbox 782 534 835 606; x_wconf 83' lang='lat' dir='ltr'>fi</span> <span class='ocrx_word' id='word_1_40' title='bbox 850 528 1271 614; x_wconf 85' lang='lat' dir='ltr'>concedatur,</span> <span class='ocrx_word' id='word_1_41' title='bbox 1317 530 1556 602; x_wconf 79' lang='lat' dir='ltr'>nunam</span> <span class='ocrx_word' id='word_1_42' title='bbox 1570 532 1905 604; x_wconf 76' lang='lat' dir='ltr'>entitatem</span> <span class='ocrx_word' id='word_1_43' title='bbox 1923 531 2368 627; x_wconf 84' lang='lat' dir='ltr'>incorpoream</span> <span class='ocrx_word' id='word_1_44' title='bbox 2385 531 2618 608; x_wconf 87' lang='lat' dir='ltr'>habere</span> 
     </span>
     <span class='ocr_line' id='line_1_5' title="bbox 313 625 2620 729; baseline -0 -22"><span class='ocrx_word' id='word_1_45' title='bbox 313 630 660 724; x_wconf 73' lang='lat' dir='ltr'>fatendum</span> <span class='ocrx_word' id='word_1_46' title='bbox 676 630 791 703; x_wconf 89' lang='lat' dir='ltr'>est.</span> <span class='ocrx_word' id='word_1_47' title='bbox 882 629 1170 703; x_wconf 70' lang='lat' dir='ltr'>Eatenus</span> <span class='ocrx_word' id='word_1_48' title='bbox 1182 625 1645 729; x_wconf 80' lang='lat' dir='ltr'>igituradmitti</span> <span class='ocrx_word' id='word_1_49' title='bbox 1672 652 1950 702; x_wconf 86' lang='lat' dir='ltr'>vacuum</span> <span class='ocrx_word' id='word_1_50' title='bbox 1980 630 2253 726; x_wconf 84' lang='lat' dir='ltr'>poterit,</span> <span class='ocrx_word' id='word_1_51' title='bbox 2299 633 2620 724; x_wconf 76' lang='lat' dir='ltr'>quatenus</span> 
     </span>
     <span class='ocr_line' id='line_1_6' title="bbox 320 724 2613 825; baseline 0 -21"><span class='ocrx_word' id='word_1_52' title='bbox 320 731 611 804; x_wconf 65' lang='lat' dir='ltr'>absumta</span> <span class='ocrx_word' id='word_1_53' title='bbox 622 730 894 825; x_wconf 81' lang='lat' dir='ltr'>privatio</span> <span class='ocrx_word' id='word_1_54' title='bbox 907 735 975 800; x_wconf 76' lang='grc' dir='ltr'>δι</span> <span class='ocrx_word' id='word_1_55' title='bbox 993 725 1275 800; x_wconf 78' lang='lat' dir='ltr'>nihilum</span> <span class='ocrx_word' id='word_1_56' title='bbox 1292 725 1690 799; x_wconf 79' lang='lat' dir='ltr'>conceditur.</span> <span class='ocrx_word' id='word_1_57' title='bbox 1735 730 1826 800; x_wconf 88' lang='lat' dir='ltr'>Et</span> <span class='ocrx_word' id='word_1_58' title='bbox 1838 727 1907 797; x_wconf 90' lang='lat' dir='ltr'>in</span> <span class='ocrx_word' id='word_1_59' title='bbox 1922 724 2052 798; x_wconf 86' lang='lat' dir='ltr'>hoc</span> <span class='ocrx_word' id='word_1_60' title='bbox 2065 725 2240 798; x_wconf 87' lang='lat' dir='ltr'>sensu</span> <span class='ocrx_word' id='word_1_61' title='bbox 2251 775 2275 810; x_wconf 99' lang='lat'>,</span> <span class='ocrx_word' id='word_1_62' title='bbox 2300 751 2380 801; x_wconf 86' lang='lat' dir='ltr'>an</span> <span class='ocrx_word' id='word_1_63' title='bbox 2391 753 2613 804; x_wconf 83' lang='lat' dir='ltr'>revera</span> 
     </span>
     <span class='ocr_line' id='line_1_7' title="bbox 321 821 1868 923; baseline -0.004 -20"><span class='ocrx_word' id='word_1_64' title='bbox 321 826 585 903; x_wconf 76' lang='lat' dir='ltr'>admitti</span> <span class='ocrx_word' id='word_1_65' title='bbox 596 823 784 923; x_wconf 82' lang='lat' dir='ltr'>poffit</span> <span class='ocrx_word' id='word_1_66' title='bbox 796 832 865 898; x_wconf 75' lang='grc' dir='ltr'>δι</span> <span class='ocrx_word' id='word_1_67' title='bbox 880 824 1108 899; x_wconf 86' lang='lat' dir='ltr'>debeat</span> <span class='ocrx_word' id='word_1_68' title='bbox 1120 828 1188 896; x_wconf 85' lang='lat' dir='ltr'>in</span> <span class='ocrx_word' id='word_1_69' title='bbox 1201 845 1419 898; x_wconf 85' lang='lat' dir='ltr'>natura</span> <span class='ocrx_word' id='word_1_70' title='bbox 1433 871 1455 908; x_wconf 91' lang='lat'>,</span> <span class='ocrx_word' id='word_1_71' title='bbox 1477 821 1868 897; x_wconf 85' lang='lat' dir='ltr'>videbimus.</span> 
     </span>
    </p>

    <p class='ocr_par' dir='ltr' id='par_1_3' title="bbox 267 920 2610 1196">
     <span class='ocr_line' id='line_1_8' title="bbox 420 920 2610 1023; baseline 0 -25"><span class='ocrx_word' id='word_1_72' title='bbox 420 929 515 998; x_wconf 84' lang='lat' dir='ltr'>Et</span> <span class='ocrx_word' id='word_1_73' title='bbox 523 925 745 1023; x_wconf 77' lang='lat' dir='ltr'>primo</span> <span class='ocrx_word' id='word_1_74' title='bbox 760 924 1101 998; x_wconf 81' lang='lat' dir='ltr'>examinari</span> <span class='ocrx_word' id='word_1_75' title='bbox 1115 921 1359 997; x_wconf 87' lang='lat' dir='ltr'>debent</span> <span class='ocrx_word' id='word_1_76' title='bbox 1371 924 1644 996; x_wconf 84' lang='lat' dir='ltr'>rationes</span> <span class='ocrx_word' id='word_1_77' title='bbox 1671 920 2039 995; x_wconf 80' lang='lat' dir='ltr'>Aristotelis</span> <span class='ocrx_word' id='word_1_78' title='bbox 2051 941 2273 994; x_wconf 90' lang='lat' dir='ltr'>contra</span> <span class='ocrx_word' id='word_1_79' title='bbox 2287 924 2473 997; x_wconf 86' lang='lat' dir='ltr'>vacui</span> <span class='ocrx_word' id='word_1_80' title='bbox 2488 930 2610 1023; x_wconf 61' lang='lat' dir='ltr'>poi</span> 
     </span>
     <span class='ocr_line' id='line_1_9' title="bbox 267 1016 2608 1196; baseline 0.001 -102"><span class='ocrx_word' id='word_1_81' title='bbox 267 1065 278 1078; x_wconf 92' lang='lat'><strong>·</strong></span> <span class='ocrx_word' id='word_1_82' title='bbox 317 1018 664 1196; x_wconf 54' lang='lat' dir='ltr'>fitiotgem,</span> <span class='ocrx_word' id='word_1_83' title='bbox 711 1028 910 1122; x_wconf 84' lang='lat' dir='ltr'>&amp;pro</span> <span class='ocrx_word' id='word_1_84' title='bbox 919 1017 1465 1120; x_wconf 74' lang='lat' dir='ltr'>pleniexistentia,</span> <span class='ocrx_word' id='word_1_85' title='bbox 1510 1044 1657 1115; x_wconf 79' lang='lat' dir='ltr'>quae</span> <span class='ocrx_word' id='word_1_86' title='bbox 1682 1016 2001 1094; x_wconf 86' lang='lat' dir='ltr'>habentur</span> <span class='ocrx_word' id='word_1_87' title='bbox 2023 1044 2070 1115; x_wconf 77' lang='lat'>4</span> <span class='ocrx_word' id='word_1_88' title='bbox 2101 1017 2355 1120; x_wconf 86' lang='lat' dir='ltr'>Phyfic.</span> <span class='ocrx_word' id='word_1_89' title='bbox 2390 1045 2524 1122; x_wconf 87' lang='lat' dir='ltr'>cap.</span> <span class='ocrx_word' id='word_1_90' title='bbox 2536 1032 2608 1119; x_wconf 67' lang='lat'>63</span> 
     </span>
    </p>
   </div>
   <div class='ocr_carea' id='block_1_3' title="bbox 651 1289 2293 1404">
    <p class='ocr_par' dir='ltr' id='par_1_4' title="bbox 651 1289 2293 1404">
     <span class='ocr_line' id='line_1_10' title="bbox 651 1289 2293 1404; baseline -0.001 -37"><span class='ocrx_word' id='word_1_91' title='bbox 651 1289 1644 1369; x_wconf 82' lang='lat' dir='ltr'>PROPOSITIO</span> <span class='ocrx_word' id='word_1_92' title='bbox 1733 1294 2293 1404; x_wconf 17' lang='lat' dir='ltr'>’covauL</span> 
     </span>
    </p>
   </div>
   <div class='ocr_carea' id='block_1_4' title="bbox 309 1451 2540 1564">
    <p class='ocr_par' dir='ltr' id='par_1_5' title="bbox 309 1451 2540 1564">
     <span class='ocr_line' id='line_1_11' title="bbox 309 1451 2540 1564; baseline -0 -36"><span class='ocrx_word' id='word_1_93' title='bbox 309 1557 320 1564; x_wconf 91' lang='lat'><strong><em>.</em></strong></span> <span class='ocrx_word' id='word_1_94' title='bbox 390 1459 765 1529; x_wconf 76' lang='lat' dir='ltr'><em>Solvuntur</em></span> <span class='ocrx_word' id='word_1_95' title='bbox 790 1472 1175 1557; x_wconf 73' lang='lat' dir='ltr'>argumenta</span> <span class='ocrx_word' id='word_1_96' title='bbox 1202 1451 1617 1548; x_wconf 78' lang='lat' dir='ltr'>Aristotelis,</span> <span class='ocrx_word' id='word_1_97' title='bbox 1663 1472 1889 1524; x_wconf 73' lang='lat' dir='ltr'>contra</span> <span class='ocrx_word' id='word_1_98' title='bbox 1917 1478 2204 1525; x_wconf 76' lang='lat' dir='ltr'>vacuum</span> <span class='ocrx_word' id='word_1_99' title='bbox 2234 1452 2540 1527; x_wconf 58' lang='lat' dir='ltr'>addam:</span> 
     </span>
    </p>
   </div>
   <div class='ocr_carea' id='block_1_5' title="bbox 309 1614 2612 3664">
    <p class='ocr_par' dir='ltr' id='par_1_6' title="bbox 309 1614 2608 2004">
     <span class='ocr_line' id='line_1_12' title="bbox 422 1614 2604 1713; baseline -0.003 -23"><span class='ocrx_word' id='word_1_100' title='bbox 422 1618 669 1690; x_wconf 88' lang='lat' dir='ltr'>Contra</span> <span class='ocrx_word' id='word_1_101' title='bbox 686 1614 1015 1710; x_wconf 76' lang='lat' dir='ltr'>Antiquos</span> <span class='ocrx_word' id='word_1_102' title='bbox 1032 1664 1057 1700; x_wconf 90' lang='lat'>‚</span> <span class='ocrx_word' id='word_1_103' title='bbox 1099 1614 1216 1711; x_wconf 83' lang='lat' dir='ltr'>qui</span> <span class='ocrx_word' id='word_1_104' title='bbox 1229 1614 1557 1713; x_wconf 87' lang='lat' dir='ltr'>ponebant</span> <span class='ocrx_word' id='word_1_105' title='bbox 1571 1633 1853 1685; x_wconf 88' lang='lat' dir='ltr'>vacuum</span> <span class='ocrx_word' id='word_1_106' title='bbox 1867 1658 1891 1696; x_wconf 90' lang='lat'>,</span> <span class='ocrx_word' id='word_1_107' title='bbox 1936 1631 2012 1684; x_wconf 91' lang='lat' dir='ltr'>ut</span> <span class='ocrx_word' id='word_1_108' title='bbox 2024 1632 2370 1707; x_wconf 84' lang='lat' dir='ltr'>corporum</span> <span class='ocrx_word' id='word_1_109' title='bbox 2388 1629 2604 1684; x_wconf 74' lang='lat' dir='ltr'>motus</span> 
     </span>
     <span class='ocr_line' id='line_1_13' title="bbox 321 1708 2604 1810; baseline -0.002 -25"><span class='ocrx_word' id='word_1_110' title='bbox 321 1708 628 1785; x_wconf 70' lang='lat' dir='ltr'>inflatura</span> <span class='ocrx_word' id='word_1_111' title='bbox 640 1711 778 1784; x_wconf 85' lang='lat' dir='ltr'>fieri</span> <span class='ocrx_word' id='word_1_112' title='bbox 798 1711 1082 1810; x_wconf 69' lang='lat' dir='ltr'>posteat,</span> <span class='ocrx_word' id='word_1_113' title='bbox 1139 1715 1228 1785; x_wconf 85' lang='lat' dir='ltr'>ait</span> <span class='ocrx_word' id='word_1_114' title='bbox 1250 1709 1449 1783; x_wconf 84' lang='lat' dir='ltr'>Arist.</span> <span class='ocrx_word' id='word_1_115' title='bbox 1494 1720 1721 1783; x_wconf 79' lang='lat' dir='ltr'>Etiam</span> <span class='ocrx_word' id='word_1_116' title='bbox 1732 1713 1806 1803; x_wconf 79' lang='lat' dir='ltr'><strong><em>fi</em></strong></span> <span class='ocrx_word' id='word_1_117' title='bbox 1826 1713 2086 1782; x_wconf 72' lang='lat' dir='ltr'>nullum</span> <span class='ocrx_word' id='word_1_118' title='bbox 2097 1713 2192 1800; x_wconf 80' lang='lat' dir='ltr'>stt</span> <span class='ocrx_word' id='word_1_119' title='bbox 2205 1716 2481 1809; x_wconf 78' lang='lat' dir='ltr'>spatium</span> <span class='ocrx_word' id='word_1_120' title='bbox 2498 1712 2604 1804; x_wconf 73' lang='grc' dir='ltr'>[ξ-</span> 
     </span>
     <span class='ocr_line' id='line_1_14' title="bbox 309 1806 2608 1910; baseline -0.002 -27"><span class='ocrx_word' id='word_1_121' title='bbox 309 1811 601 1907; x_wconf 73' lang='lat' dir='ltr'>parabile</span> <span class='ocrx_word' id='word_1_122' title='bbox 619 1833 847 1909; x_wconf 66' lang='lat' dir='ltr'>puter</span> <span class='ocrx_word' id='word_1_123' title='bbox 871 1815 1128 1910; x_wconf 77' lang='lat' dir='ltr'>corpora</span> <span class='ocrx_word' id='word_1_124' title='bbox 1142 1858 1164 1894; x_wconf 94' lang='lat'>,</span> <span class='ocrx_word' id='word_1_125' title='bbox 1209 1836 1340 1908; x_wconf 76' lang='lat' dir='ltr'>qnae</span> <span class='ocrx_word' id='word_1_126' title='bbox 1360 1829 1737 1891; x_wconf 72' lang='lat' dir='ltr'>moventur,</span> <span class='ocrx_word' id='word_1_127' title='bbox 1762 1810 2132 1903; x_wconf 73' lang='lat' dir='ltr'>motusfieri</span> <span class='ocrx_word' id='word_1_128' title='bbox 2143 1817 2414 1906; x_wconf 78' lang='lat' dir='ltr'>poterit,</span> <span class='ocrx_word' id='word_1_129' title='bbox 2436 1806 2608 1905; x_wconf 76' lang='lat' dir='ltr'>qnod</span> 
     </span>
     <span class='ocr_line' id='line_1_15' title="bbox 322 1905 2359 2004; baseline -0.003 -25"><span class='ocrx_word' id='word_1_130' title='bbox 322 1918 393 1979; x_wconf 76' lang='lat' dir='ltr'>in</span> <span class='ocrx_word' id='word_1_131' title='bbox 419 1917 871 1982; x_wconf 70' lang='lat' dir='ltr'>continuorum</span> <span class='ocrx_word' id='word_1_132' title='bbox 881 1909 1055 1996; x_wconf 76' lang='lat' dir='ltr'>ficut</span> <span class='ocrx_word' id='word_1_133' title='bbox 1088 1916 1163 1988; x_wconf 61' lang='grc' dir='ltr'>φ’</span> <span class='ocrx_word' id='word_1_134' title='bbox 1195 1906 1613 1977; x_wconf 77' lang='lat' dir='ltr'>humidorum</span> <span class='ocrx_word' id='word_1_135' title='bbox 1639 1905 2140 1998; x_wconf 65' lang='lat' dir='ltr'>conversionibus</span> <span class='ocrx_word' id='word_1_136' title='bbox 2153 1928 2359 2004; x_wconf 80' lang='lat' dir='ltr'>patet.</span> 
     </span>
    </p>

    <p class='ocr_par' dir='ltr' id='par_1_7' title="bbox 321 1999 2605 3172">
     <span class='ocr_line' id='line_1_16' title="bbox 424 1999 2603 2090; baseline -0.002 -14"><span class='ocrx_word' id='word_1_137' title='bbox 424 2010 525 2076; x_wconf 85' lang='lat' dir='ltr'>At</span> <span class='ocrx_word' id='word_1_138' title='bbox 535 2000 911 2090; x_wconf 84' lang='lat' dir='ltr'>hujusmodi</span> <span class='ocrx_word' id='word_1_139' title='bbox 924 2001 1213 2075; x_wconf 84' lang='lat' dir='ltr'>instantia</span> <span class='ocrx_word' id='word_1_140' title='bbox 1242 1999 1503 2075; x_wconf 87' lang='lat' dir='ltr'>videtur</span> <span class='ocrx_word' id='word_1_141' title='bbox 1527 2001 1773 2077; x_wconf 69' lang='lat' dir='ltr'>nedum</span> <span class='ocrx_word' id='word_1_142' title='bbox 1804 2000 2224 2087; x_wconf 87' lang='lat' dir='ltr'>insufficiens,</span> <span class='ocrx_word' id='word_1_143' title='bbox 2272 2000 2380 2075; x_wconf 85' lang='lat' dir='ltr'>sed</span> <span class='ocrx_word' id='word_1_144' title='bbox 2405 1999 2603 2073; x_wconf 88' lang='lat' dir='ltr'>etiam</span> 
     </span>
     <span class='ocr_line' id='line_1_17' title="bbox 321 2099 2602 2196; baseline -0.002 -23"><span class='ocrx_word' id='word_1_145' title='bbox 321 2100 570 2173; x_wconf 72' lang='lat' dir='ltr'>ntallius</span> <span class='ocrx_word' id='word_1_146' title='bbox 583 2099 868 2184; x_wconf 83' lang='lat' dir='ltr'>roboris,</span> <span class='ocrx_word' id='word_1_147' title='bbox 912 2103 1064 2196; x_wconf 87' lang='lat' dir='ltr'>quia</span> <span class='ocrx_word' id='word_1_148' title='bbox 1072 2102 1224 2173; x_wconf 82' lang='lat' dir='ltr'>licet</span> <span class='ocrx_word' id='word_1_149' title='bbox 1235 2100 1302 2171; x_wconf 92' lang='lat' dir='ltr'>in</span> <span class='ocrx_word' id='word_1_150' title='bbox 1318 2122 1505 2173; x_wconf 89' lang='lat' dir='ltr'>motu</span> <span class='ocrx_word' id='word_1_151' title='bbox 1518 2104 1808 2174; x_wconf 87' lang='lat' dir='ltr'>circulari</span> <span class='ocrx_word' id='word_1_152' title='bbox 1820 2105 2019 2175; x_wconf 77' lang='lat' dir='ltr'>Rotae</span> <span class='ocrx_word' id='word_1_153' title='bbox 2031 2100 2248 2175; x_wconf 81' lang='lat' dir='ltr'>solidae</span> <span class='ocrx_word' id='word_1_154' title='bbox 2264 2125 2397 2173; x_wconf 86' lang='lat' dir='ltr'>non</span> <span class='ocrx_word' id='word_1_155' title='bbox 2415 2121 2602 2196; x_wconf 88' lang='lat' dir='ltr'>appa-</span> 
     </span>
     <span class='ocr_line' id='line_1_18' title="bbox 325 2191 2596 2295; baseline -0.001 -25"><span class='ocrx_word' id='word_1_156' title='bbox 325 2191 798 2270; x_wconf 65' lang='lat' dir='ltr'>reatneceffitas</span> <span class='ocrx_word' id='word_1_157' title='bbox 812 2202 1031 2278; x_wconf 80' lang='lat' dir='ltr'>vacui,</span> <span class='ocrx_word' id='word_1_158' title='bbox 1073 2195 1490 2268; x_wconf 84' lang='lat' dir='ltr'>nihilominus</span> <span class='ocrx_word' id='word_1_159' title='bbox 1504 2200 1817 2295; x_wconf 84' lang='lat' dir='ltr'>praecipua</span> <span class='ocrx_word' id='word_1_160' title='bbox 1841 2195 2317 2281; x_wconf 87' lang='lat' dir='ltr'>difficultasest‚</span> <span class='ocrx_word' id='word_1_161' title='bbox 2361 2220 2496 2268; x_wconf 92' lang='lat' dir='ltr'>non</span> <span class='ocrx_word' id='word_1_162' title='bbox 2509 2194 2596 2268; x_wconf 86' lang='lat' dir='ltr'>de</span> 
     </span>
     <span class='ocr_line' id='line_1_19' title="bbox 325 2290 2605 2389; baseline -0.003 -22"><span class='ocrx_word' id='word_1_163' title='bbox 325 2313 531 2368; x_wconf 84' lang='lat' dir='ltr'>motu</span> <span class='ocrx_word' id='word_1_164' title='bbox 543 2293 865 2376; x_wconf 86' lang='lat' dir='ltr'>circulari,</span> <span class='ocrx_word' id='word_1_165' title='bbox 909 2291 1014 2364; x_wconf 86' lang='lat' dir='ltr'>sed</span> <span class='ocrx_word' id='word_1_166' title='bbox 1026 2292 1112 2364; x_wconf 90' lang='lat' dir='ltr'>de</span> <span class='ocrx_word' id='word_1_167' title='bbox 1124 2311 1314 2364; x_wconf 85' lang='lat' dir='ltr'>motu</span> <span class='ocrx_word' id='word_1_168' title='bbox 1340 2290 1589 2364; x_wconf 71' lang='lat' dir='ltr'>directo</span> <span class='ocrx_word' id='word_1_169' title='bbox 1599 2340 1624 2375; x_wconf 88' lang='lat'>,</span> <span class='ocrx_word' id='word_1_170' title='bbox 1671 2296 1773 2365; x_wconf 86' lang='lat' dir='ltr'>vel</span> <span class='ocrx_word' id='word_1_171' title='bbox 1798 2296 2113 2388; x_wconf 79' lang='lat' dir='ltr'>perlineas</span> <span class='ocrx_word' id='word_1_172' title='bbox 2126 2316 2345 2364; x_wconf 87' lang='lat' dir='ltr'>curvas</span> <span class='ocrx_word' id='word_1_173' title='bbox 2358 2292 2605 2389; x_wconf 86' lang='lat' dir='ltr'>irregu-</span> 
     </span>
     <span class='ocr_line' id='line_1_20' title="bbox 325 2383 2601 2486; baseline -0.003 -23"><span class='ocrx_word' id='word_1_174' title='bbox 325 2391 488 2464; x_wconf 83' lang='lat' dir='ltr'>lares</span> <span class='ocrx_word' id='word_1_175' title='bbox 501 2391 568 2462; x_wconf 90' lang='lat' dir='ltr'>in</span> <span class='ocrx_word' id='word_1_176' title='bbox 585 2386 798 2464; x_wconf 89' lang='lat' dir='ltr'>fluido</span> <span class='ocrx_word' id='word_1_177' title='bbox 816 2437 841 2474; x_wconf 93' lang='lat'>,</span> <span class='ocrx_word' id='word_1_178' title='bbox 863 2390 929 2462; x_wconf 90' lang='lat' dir='ltr'>in</span> <span class='ocrx_word' id='word_1_179' title='bbox 943 2383 1084 2486; x_wconf 78' lang='lat' dir='ltr'>qtio</span> <span class='ocrx_word' id='word_1_180' title='bbox 1097 2389 1273 2462; x_wconf 83' lang='lat' dir='ltr'>sensu</span> <span class='ocrx_word' id='word_1_181' title='bbox 1285 2413 1419 2462; x_wconf 91' lang='lat' dir='ltr'>non</span> <span class='ocrx_word' id='word_1_182' title='bbox 1435 2388 1684 2462; x_wconf 83' lang='lat' dir='ltr'>constat</span> <span class='ocrx_word' id='word_1_183' title='bbox 1697 2439 1719 2473; x_wconf 90' lang='lat'>,</span> <span class='ocrx_word' id='word_1_184' title='bbox 1743 2412 1957 2484; x_wconf 85' lang='lat' dir='ltr'>neque</span> <span class='ocrx_word' id='word_1_185' title='bbox 1969 2386 2447 2462; x_wconf 86' lang='lat' dir='ltr'>demonstratur</span> <span class='ocrx_word' id='word_1_186' title='bbox 2458 2409 2601 2483; x_wconf 86' lang='lat' dir='ltr'>par-</span> 
     </span>
     <span class='ocr_line' id='line_1_21' title="bbox 326 2482 2601 2584; baseline -0.003 -21"><span class='ocrx_word' id='word_1_187' title='bbox 326 2509 427 2563; x_wconf 84' lang='lat' dir='ltr'>tes</span> <span class='ocrx_word' id='word_1_188' title='bbox 438 2487 629 2562; x_wconf 88' lang='lat' dir='ltr'>fluidi</span> <span class='ocrx_word' id='word_1_189' title='bbox 641 2511 973 2562; x_wconf 86' lang='lat' dir='ltr'>excurrere</span> <span class='ocrx_word' id='word_1_190' title='bbox 999 2489 1161 2562; x_wconf 83' lang='lat' dir='ltr'>intra</span> <span class='ocrx_word' id='word_1_191' title='bbox 1189 2488 1334 2560; x_wconf 87' lang='lat' dir='ltr'>alias</span> <span class='ocrx_word' id='word_1_192' title='bbox 1357 2482 1567 2584; x_wconf 82' lang='lat' dir='ltr'>posse,</span> <span class='ocrx_word' id='word_1_193' title='bbox 1615 2487 1855 2581; x_wconf 83' lang='lat' dir='ltr'>absque</span> <span class='ocrx_word' id='word_1_194' title='bbox 1884 2510 1965 2558; x_wconf 87' lang='lat' dir='ltr'>eo</span> <span class='ocrx_word' id='word_1_195' title='bbox 1996 2486 2182 2583; x_wconf 88' lang='lat' dir='ltr'>quod</span> <span class='ocrx_word' id='word_1_196' title='bbox 2212 2485 2450 2560; x_wconf 73' lang='lat' dir='ltr'>mutuo</span> <span class='ocrx_word' id='word_1_197' title='bbox 2479 2483 2601 2557; x_wconf 85' lang='lat' dir='ltr'>sese</span> 
     </span>
     <span class='ocr_line' id='line_1_22' title="bbox 325 2584 2601 2683; baseline -0.001 -24"><span class='ocrx_word' id='word_1_198' title='bbox 325 2585 724 2670; x_wconf 79' lang='lat' dir='ltr'>confricent,</span> <span class='ocrx_word' id='word_1_199' title='bbox 769 2588 1196 2676; x_wconf 82' lang='lat' dir='ltr'>invertantur,</span> <span class='ocrx_word' id='word_1_200' title='bbox 1243 2585 1490 2657; x_wconf 87' lang='lat' dir='ltr'>&amp;inter</span> <span class='ocrx_word' id='word_1_201' title='bbox 1503 2584 1565 2657; x_wconf 89' lang='lat' dir='ltr'>se</span> <span class='ocrx_word' id='word_1_202' title='bbox 1577 2589 1942 2660; x_wconf 82' lang='lat' dir='ltr'>innumeras</span> <span class='ocrx_word' id='word_1_203' title='bbox 1968 2588 2232 2683; x_wconf 83' lang='lat' dir='ltr'>exiguas</span> <span class='ocrx_word' id='word_1_204' title='bbox 2259 2585 2601 2657; x_wconf 75' lang='lat' dir='ltr'>vacuitates</span> 
     </span>
     <span class='ocr_line' id='line_1_23' title="bbox 330 2672 2605 2782; baseline -0.001 -27"><span class='ocrx_word' id='word_1_205' title='bbox 330 2683 698 2755; x_wconf 73' lang='lat' dir='ltr'>admittant.</span> <span class='ocrx_word' id='word_1_206' title='bbox 740 2689 892 2758; x_wconf 89' lang='lat' dir='ltr'>Imo</span> <span class='ocrx_word' id='word_1_207' title='bbox 903 2686 972 2756; x_wconf 84' lang='lat' dir='ltr'>in</span> <span class='ocrx_word' id='word_1_208' title='bbox 985 2683 1300 2782; x_wconf 81' lang='lat' dir='ltr'>postrema</span> <span class='ocrx_word' id='word_1_209' title='bbox 1313 2702 1485 2779; x_wconf 83' lang='lat' dir='ltr'>parte</span> <span class='ocrx_word' id='word_1_210' title='bbox 1497 2681 1952 2777; x_wconf 82' lang='lat' dir='ltr'>hujusCapitis</span> <span class='ocrx_word' id='word_1_211' title='bbox 1965 2680 2376 2755; x_wconf 85' lang='lat' dir='ltr'>ostendemus</span> <span class='ocrx_word' id='word_1_212' title='bbox 2397 2672 2605 2753; x_wconf 66' lang='lat' dir='ltr'>neces?-</span> 
     </span>
     <span class='ocr_line' id='line_1_24' title="bbox 328 2775 2604 2863; baseline -0.001 -10"><span class='ocrx_word' id='word_1_213' title='bbox 328 2777 550 2853; x_wconf 85' lang='lat' dir='ltr'>sariam</span> <span class='ocrx_word' id='word_1_214' title='bbox 566 2777 684 2852; x_wconf 85' lang='lat' dir='ltr'>effe</span> <span class='ocrx_word' id='word_1_215' title='bbox 699 2785 879 2853; x_wconf 85' lang='lat' dir='ltr'>vacui</span> <span class='ocrx_word' id='word_1_216' title='bbox 893 2779 1342 2856; x_wconf 84' lang='lat' dir='ltr'>admiffionem</span> <span class='ocrx_word' id='word_1_217' title='bbox 1358 2779 1438 2852; x_wconf 86' lang='lat' dir='ltr'>ad</span> <span class='ocrx_word' id='word_1_218' title='bbox 1459 2775 1590 2851; x_wconf 86' lang='lat' dir='ltr'>hoc</span> <span class='ocrx_word' id='word_1_219' title='bbox 1602 2827 1625 2863; x_wconf 92' lang='lat'>,</span> <span class='ocrx_word' id='word_1_220' title='bbox 1670 2799 1745 2850; x_wconf 89' lang='lat' dir='ltr'>ut</span> <span class='ocrx_word' id='word_1_221' title='bbox 1762 2776 2044 2851; x_wconf 87' lang='lat' dir='ltr'>fluidum</span> <span class='ocrx_word' id='word_1_222' title='bbox 2061 2782 2161 2852; x_wconf 90' lang='lat' dir='ltr'>vel</span> <span class='ocrx_word' id='word_1_223' title='bbox 2177 2777 2442 2852; x_wconf 86' lang='lat' dir='ltr'>densum</span> <span class='ocrx_word' id='word_1_224' title='bbox 2459 2802 2604 2850; x_wconf 87' lang='lat' dir='ltr'>cor-</span> 
     </span>
     <span class='ocr_line' id='line_1_25' title="bbox 328 2873 2603 2976; baseline -0.001 -26"><span class='ocrx_word' id='word_1_225' title='bbox 328 2898 452 2976; x_wconf 84' lang='lat' dir='ltr'>pus</span> <span class='ocrx_word' id='word_1_226' title='bbox 463 2902 575 2976; x_wconf 83' lang='lat' dir='ltr'>per</span> <span class='ocrx_word' id='word_1_227' title='bbox 587 2878 865 2952; x_wconf 84' lang='lat' dir='ltr'>fluidum</span> <span class='ocrx_word' id='word_1_228' title='bbox 882 2880 1133 2952; x_wconf 87' lang='lat' dir='ltr'>moveri</span> <span class='ocrx_word' id='word_1_229' title='bbox 1210 2898 1387 2962; x_wconf 81' lang='lat' dir='ltr'>ueat3</span> <span class='ocrx_word' id='word_1_230' title='bbox 1439 2876 1548 2950; x_wconf 88' lang='lat' dir='ltr'>sed</span> <span class='ocrx_word' id='word_1_231' title='bbox 1576 2875 1787 2954; x_wconf 70' lang='lat' dir='ltr'>modo</span> <span class='ocrx_word' id='word_1_232' title='bbox 1815 2876 1957 2951; x_wconf 85' lang='lat' dir='ltr'>satis</span> <span class='ocrx_word' id='word_1_233' title='bbox 1983 2876 2074 2951; x_wconf 83' lang='lat' dir='ltr'>est</span> <span class='ocrx_word' id='word_1_234' title='bbox 2101 2873 2437 2950; x_wconf 78' lang='lat' dir='ltr'>ostendisse</span> <span class='ocrx_word' id='word_1_235' title='bbox 2465 2900 2603 2948; x_wconf 92' lang='lat' dir='ltr'>non</span> 
     </span>
     <span class='ocr_line' id='line_1_26' title="bbox 328 2904 2605 3075; baseline 0 -29"><span class='ocrx_word' id='word_1_236' title='bbox 328 2976 454 3047; x_wconf 81' lang='lat' dir='ltr'>effe</span> <span class='ocrx_word' id='word_1_237' title='bbox 468 2973 725 3049; x_wconf 84' lang='lat' dir='ltr'>evidens</span> <span class='ocrx_word' id='word_1_238' title='bbox 735 3026 758 3060; x_wconf 92' lang='lat'>‚</span> <span class='ocrx_word' id='word_1_239' title='bbox 802 3001 918 3050; x_wconf 86' lang='lat' dir='ltr'>nec</span> <span class='ocrx_word' id='word_1_240' title='bbox 930 2904 1436 3052; x_wconf 53' lang='lat' dir='ltr'>demorsitratum</span> <span class='ocrx_word' id='word_1_241' title='bbox 1446 2973 1630 3051; x_wconf 82' lang='lat' dir='ltr'>fuiffe</span> <span class='ocrx_word' id='word_1_242' title='bbox 1639 3025 1664 3062; x_wconf 93' lang='lat'>,</span> <span class='ocrx_word' id='word_1_243' title='bbox 1695 2975 1887 3075; x_wconf 90' lang='lat' dir='ltr'>quod</span> <span class='ocrx_word' id='word_1_244' title='bbox 1899 2977 1966 3050; x_wconf 91' lang='lat' dir='ltr'>in</span> <span class='ocrx_word' id='word_1_245' title='bbox 1980 2997 2173 3051; x_wconf 87' lang='lat' dir='ltr'>motu</span> <span class='ocrx_word' id='word_1_246' title='bbox 2181 2974 2356 3049; x_wconf 55' lang='lat' dir='ltr'>fusto</span> <span class='ocrx_word' id='word_1_247' title='bbox 2369 2975 2437 3048; x_wconf 93' lang='lat' dir='ltr'>in</span> <span class='ocrx_word' id='word_1_248' title='bbox 2453 2972 2605 3047; x_wconf 86' lang='lat' dir='ltr'>flui-</span> 
     </span>
     <span class='ocr_line' id='line_1_27' title="bbox 321 3071 1540 3172; baseline 0 -25"><span class='ocrx_word' id='word_1_249' title='bbox 321 3071 712 3148; x_wconf 85' lang='lat' dir='ltr'>disvacuum</span> <span class='ocrx_word' id='word_1_250' title='bbox 729 3073 1070 3147; x_wconf 82' lang='lat' dir='ltr'>necessario</span> <span class='ocrx_word' id='word_1_251' title='bbox 1086 3098 1221 3144; x_wconf 91' lang='lat' dir='ltr'>non</span> <span class='ocrx_word' id='word_1_252' title='bbox 1233 3072 1540 3172; x_wconf 84' lang='lat' dir='ltr'>exigatur.</span> 
     </span>
    </p>

    <p class='ocr_par' dir='ltr' id='par_1_8' title="bbox 314 3171 2612 3664">
     <span class='ocr_line' id='line_1_28' title="bbox 421 3171 2607 3269; baseline -0.003 -24"><span class='ocrx_word' id='word_1_253' title='bbox 421 3171 757 3256; x_wconf 70' lang='lat' dir='ltr'>secundo,</span> <span class='ocrx_word' id='word_1_254' title='bbox 787 3182 1076 3246; x_wconf 79' lang='lat' dir='ltr'>Vacuum</span> <span class='ocrx_word' id='word_1_255' title='bbox 1105 3199 1229 3242; x_wconf 85' lang='lat' dir='ltr'>non</span> <span class='ocrx_word' id='word_1_256' title='bbox 1258 3171 1342 3264; x_wconf 79' lang='lat' dir='ltr'>est</span> <span class='ocrx_word' id='word_1_257' title='bbox 1370 3179 1557 3269; x_wconf 57' lang='lat' dir='ltr'>causi</span> <span class='ocrx_word' id='word_1_258' title='bbox 1586 3175 1958 3261; x_wconf 51' lang='lat' dir='ltr'>motunsbd</span> <span class='ocrx_word' id='word_1_259' title='bbox 1985 3179 2456 3266; x_wconf 69' lang='lat' dir='ltr'>Naturae,ergo</span> <span class='ocrx_word' id='word_1_260' title='bbox 2485 3192 2607 3238; x_wconf 73' lang='lat' dir='ltr'>va-</span> 
     </span>
     <span class='ocr_line' id='line_1_29' title="bbox 321 3261 2610 3367; baseline -0.004 -22"><span class='ocrx_word' id='word_1_261' title='bbox 321 3298 522 3345; x_wconf 74' lang='lat' dir='ltr'>cuum</span> <span class='ocrx_word' id='word_1_262' title='bbox 553 3297 678 3341; x_wconf 75' lang='lat' dir='ltr'>non</span> <span class='ocrx_word' id='word_1_263' title='bbox 706 3272 929 3340; x_wconf 75' lang='lat' dir='ltr'>datur.</span> <span class='ocrx_word' id='word_1_264' title='bbox 971 3274 1106 3343; x_wconf 86' lang='lat' dir='ltr'>Cui</span> <span class='ocrx_word' id='word_1_265' title='bbox 1126 3271 1492 3367; x_wconf 84' lang='lat' dir='ltr'>responderi</span> <span class='ocrx_word' id='word_1_266' title='bbox 1506 3267 1748 3362; x_wconf 87' lang='lat' dir='ltr'>potest,</span> <span class='ocrx_word' id='word_1_267' title='bbox 1794 3267 2156 3347; x_wconf 81' lang='lat' dir='ltr'>neminem,</span> <span class='ocrx_word' id='word_1_268' title='bbox 2178 3261 2291 3333; x_wconf 83' lang='lat' dir='ltr'>nifi</span> <span class='ocrx_word' id='word_1_269' title='bbox 2306 3265 2486 3361; x_wconf 71' lang='lat' dir='ltr'>plane</span> <span class='ocrx_word' id='word_1_270' title='bbox 2499 3261 2610 3336; x_wconf 85' lang='lat' dir='ltr'>de·</span> 
     </span>
     <span class='ocr_line' id='line_1_30' title="bbox 322 3360 2610 3449; baseline -0.003 -9"><span class='ocrx_word' id='word_1_271' title='bbox 322 3372 615 3440; x_wconf 85' lang='lat' dir='ltr'>lirumac</span> <span class='ocrx_word' id='word_1_272' title='bbox 629 3364 974 3449; x_wconf 86' lang='lat' dir='ltr'>stolidum,</span> <span class='ocrx_word' id='word_1_273' title='bbox 1025 3362 1356 3438; x_wconf 70' lang='lat' dir='ltr'>somniasse</span> <span class='ocrx_word' id='word_1_274' title='bbox 1379 3385 1695 3444; x_wconf 86' lang='lat' dir='ltr'>vacuum,</span> <span class='ocrx_word' id='word_1_275' title='bbox 1739 3361 1972 3446; x_wconf 67' lang='lat' dir='ltr'>scilicet</span> <span class='ocrx_word' id='word_1_276' title='bbox 2001 3360 2317 3443; x_wconf 85' lang='lat' dir='ltr'>nihilum,</span> <span class='ocrx_word' id='word_1_277' title='bbox 2364 3361 2610 3432; x_wconf 88' lang='lat' dir='ltr'>causam</span> 
     </span>
     <span class='ocr_line' id='line_1_31' title="bbox 324 3456 2612 3566; baseline -0.002 -32"><span class='ocrx_word' id='word_1_278' title='bbox 324 3462 672 3566; x_wconf 73' lang='lat' dir='ltr'>positivam</span> <span class='ocrx_word' id='word_1_279' title='bbox 688 3456 1066 3534; x_wconf 86' lang='lat' dir='ltr'>efficientem</span> <span class='ocrx_word' id='word_1_280' title='bbox 1082 3485 1299 3534; x_wconf 86' lang='lat' dir='ltr'>motus</span> <span class='ocrx_word' id='word_1_281' title='bbox 1320 3456 1466 3531; x_wconf 77' lang='lat' dir='ltr'>ess‘e.</span> <span class='ocrx_word' id='word_1_282' title='bbox 1511 3459 1831 3534; x_wconf 84' lang='lat' dir='ltr'>Dixerunt</span> <span class='ocrx_word' id='word_1_283' title='bbox 1846 3461 2022 3534; x_wconf 63' lang='lat' dir='ltr'>certe</span> <span class='ocrx_word' id='word_1_284' title='bbox 2041 3458 2330 3553; x_wconf 86' lang='lat' dir='ltr'>Antiqui</span> <span class='ocrx_word' id='word_1_285' title='bbox 2350 3481 2612 3531; x_wconf 89' lang='lat' dir='ltr'>motum</span> 
     </span>
     <span class='ocr_line' id='line_1_32' title="bbox 314 3555 2611 3664; baseline -0.005 -28"><span class='ocrx_word' id='word_1_286' title='bbox 314 3558 927 3663; x_wconf 66' lang='lat' dir='ltr'>producianatura‚</span> <span class='ocrx_word' id='word_1_287' title='bbox 974 3557 1456 3664; x_wconf 60' lang='lat' dir='ltr'>fiveaqualibet</span> <span class='ocrx_word' id='word_1_288' title='bbox 1479 3560 1653 3631; x_wconf 86' lang='lat' dir='ltr'>causa</span> <span class='ocrx_word' id='word_1_289' title='bbox 1677 3579 1931 3631; x_wconf 78' lang='lat' dir='ltr'>externa</span> <span class='ocrx_word' id='word_1_290' title='bbox 1959 3556 2329 3658; x_wconf 71' lang='lat' dir='ltr'>impulsiva,</span> <span class='ocrx_word' id='word_1_291' title='bbox 2377 3555 2481 3628; x_wconf 85' lang='lat' dir='ltr'>sed</span> <span class='ocrx_word' id='word_1_292' title='bbox 2512 3577 2611 3625; x_wconf 80' lang='lat' dir='ltr'>re-</span> 
     </span>
    </p>
   </div>
   <div class='ocr_carea' id='block_1_6' title="bbox 174 3651 2610 3756">
    <p class='ocr_par' dir='ltr' id='par_1_9' title="bbox 174 3651 2610 3756">
     <span class='ocr_line' id='line_1_33' title="bbox 174 3651 2610 3756; baseline -0.004 -23"><span class='ocrx_word' id='word_1_293' title='bbox 174 3743 182 3751; x_wconf 40' lang='grc'>,</span> <span class='ocrx_word' id='word_1_294' title='bbox 325 3660 504 3756; x_wconf 84' lang='lat' dir='ltr'>quiri</span> <span class='ocrx_word' id='word_1_295' title='bbox 521 3675 800 3730; x_wconf 88' lang='lat' dir='ltr'>vacuum</span> <span class='ocrx_word' id='word_1_296' title='bbox 816 3658 1012 3729; x_wconf 85' lang='lat' dir='ltr'>veluti</span> <span class='ocrx_word' id='word_1_297' title='bbox 1025 3659 1210 3728; x_wconf 81' lang='lat' dir='ltr'>locus</span> <span class='ocrx_word' id='word_1_298' title='bbox 1223 3659 1289 3727; x_wconf 90' lang='lat' dir='ltr'>in</span> <span class='ocrx_word' id='word_1_299' title='bbox 1306 3677 1444 3751; x_wconf 89' lang='lat' dir='ltr'>quo</span> <span class='ocrx_word' id='word_1_300' title='bbox 1462 3679 1690 3731; x_wconf 84' lang='lat' dir='ltr'>motus</span> <span class='ocrx_word' id='word_1_301' title='bbox 1701 3658 1850 3732; x_wconf 87' lang='lat' dir='ltr'>fieri</span> <span class='ocrx_word' id='word_1_302' title='bbox 1864 3652 2089 3754; x_wconf 86' lang='lat' dir='ltr'>poffit,</span> <span class='ocrx_word' id='word_1_303' title='bbox 2136 3656 2336 3756; x_wconf 86' lang='lat' dir='ltr'>igitur</span> <span class='ocrx_word' id='word_1_304' title='bbox 2356 3651 2610 3727; x_wconf 82' lang='lat' dir='ltr'>Aristo-</span> 
     </span>
    </p>
   </div>
   <div class='ocr_carea' id='block_1_7' title="bbox 330 3750 2857 3956">
    <p class='ocr_par' dir='ltr' id='par_1_10' title="bbox 330 3750 2857 3956">
     <span class='ocr_line' id='line_1_34' title="bbox 330 3750 1932 3856; baseline -0.002 -26"><span class='ocrx_word' id='word_1_305' title='bbox 330 3760 472 3846; x_wconf 78' lang='lat' dir='ltr'>telis</span> <span class='ocrx_word' id='word_1_306' title='bbox 484 3774 937 3856; x_wconf 85' lang='lat' dir='ltr'>argumentum</span> <span class='ocrx_word' id='word_1_307' title='bbox 954 3758 1045 3827; x_wconf 90' lang='lat' dir='ltr'>nil</span> <span class='ocrx_word' id='word_1_308' title='bbox 1059 3750 1265 3828; x_wconf 88' lang='lat' dir='ltr'>officit</span> <span class='ocrx_word' id='word_1_309' title='bbox 1279 3757 1459 3829; x_wconf 84' lang='lat' dir='ltr'>vacui</span> <span class='ocrx_word' id='word_1_310' title='bbox 1473 3757 1932 3829; x_wconf 83' lang='lat' dir='ltr'>Affertoribus.</span> 
     </span>
     <span class='ocr_line' id='line_1_35' title="bbox 423 3851 2857 3956; baseline -0.002 -26"><span class='ocrx_word' id='word_1_311' title='bbox 423 3852 811 3944; x_wconf 58' lang='lat' dir='ltr'>,Tertioaitz</span> <span class='ocrx_word' id='word_1_312' title='bbox 859 3853 1051 3951; x_wconf 90' lang='lat' dir='ltr'>quod</span> <span class='ocrx_word' id='word_1_313' title='bbox 1079 3856 1312 3930; x_wconf 69' lang='lat' dir='ltr'>accidit</span> <span class='ocrx_word' id='word_1_314' title='bbox 1345 3855 1695 3948; x_wconf 55' lang='lat' dir='ltr'>dicentibus</span> <span class='ocrx_word' id='word_1_315' title='bbox 1724 3879 2009 3939; x_wconf 70' lang='lat' dir='ltr'>vacuum</span> <span class='ocrx_word' id='word_1_316' title='bbox 2040 3851 2153 3952; x_wconf 75' lang='lat' dir='ltr'>effe</span> <span class='ocrx_word' id='word_1_317' title='bbox 2180 3855 2611 3956; x_wconf 78' lang='lat' dir='ltr'>neceffarium,</span> <span class='ocrx_word' id='word_1_318' title='bbox 2665 3867 2789 3933; x_wconf 75' lang='lat' dir='ltr'>cap·</span> <span class='ocrx_word' id='word_1_319' title='bbox 2811 3863 2857 3914; x_wconf 80' lang='lat'>8-</span> 
     </span>
    </p>
   </div>
   <div class='ocr_carea' id='block_1_8' title="bbox 1403 3956 2614 4062">
    <p class='ocr_par' dir='ltr' id='par_1_11' title="bbox 1403 3956 2614 4062">
     <span class='ocr_line' id='line_1_36' title="bbox 1403 3956 2614 4062; baseline -0.004 -37"><span class='ocrx_word' id='word_1_320' title='bbox 1403 3956 1589 4062; x_wconf 57' lang='grc' dir='ltr'>(εχ)</span> <span class='ocrx_word' id='word_1_321' title='bbox 2534 3964 2614 4020; x_wconf 76' lang='lat' dir='ltr'>ut</span> 
     </span>
    </p>
   </div>
  </div>
 </body>
</html>
