3692 4534
696 227 845 296 DE
882 228 986 295 M
995 202 1059 296 Ο
1075 227 1200 298 TI
1210 229 1283 297 B.
1330 227 1511 299 NA
1527 229 1607 298 T.
1653 216 1698 294 ὲ
1730 224 2083 299 Gravitate
2104 225 2343 298 Fastisi
2606 249 2677 323 35
2709 263 2858 316 cn,
2884 265 2985 318 111.

377 348 716 451 ponderis,
766 351 968 449 igitur
979 375 1211 427 verum
1228 355 1382 438 erit,
1403 352 1593 449 quod
1606 375 1769 448 aqua
1781 353 2014 451 supera
2067 376 2217 425 uam
2249 350 2679 449 quiescentem
2712 437 2723 447 .
2756 374 2991 429 mutam

377 465 382 470 ’
496 452 758 524 vitatem
791 473 1079 537 exercet,
1132 476 1266 524 non
1295 451 1562 549 quando
1585 453 1653 525 in
1668 473 1865 525 motu
1896 476 1977 523 co
2084 453 2313 526 ‘tuimr
2335 502 2358 535 ,
2402 458 2471 523 &
2502 468 2682 523 extra
2709 433 2989 552 ζξῶζῇψ

369 476 562 622 {inim
593 544 952 621 naturalem
1000 552 1224 623 locum
1260 599 1285 635 ,
1344 549 1454 625 sed
1484 547 1985 636 tantummodo,
2034 550 2305 648 quando
2352 549 2589 624 sistitur
2616 555 2683 621 δι
2710 516 2984 631 οεέιωροιι·

369 649 645 744 quiescit
664 651 735 721 in
757 650 914 719 loco
929 649 1046 721 suo
1059 650 1351 722 naturali.
1862 687 1867 692 ·
2709 626 2865 675 ἀφ’·

468 747 668 818 Hisce
683 746 995 820 omnibus
1026 748 1378 821 rationibus
1406 746 1655 846 opponi
1684 745 1843 822 solet
2064 750 2256 823 ientia
2281 749 2422 821 satis
2453 749 2679 849 vulga·
2703 730 2986 843 doss‘t’ffiss,

371 866 436 919 ta
452 843 713 940 ‚estque
727 842 1105 936 hujusmodi
1136 874 1156 918 ι
1204 849 1589 922 Urinatores
1606 847 1675 918 in
1686 845 1928 944 profim
1979 852 2232 923 ornaris
2246 845 2520 921 demersi
2535 872 2674 921 non
2703 852 2926 968 sfftihs

373 945 656 1017 sentiunt
668 968 883 1039 neque
909 948 1237 1044 patiuntur
1263 941 1802 1044 compreffionem
1830 946 2444 1044 superincumbentis
2466 971 2672 1043 aquae,
2697 919 2967 1032 Ξεςξῗῗὲῗ

373 1067 526 1139 quae
539 1044 873 1116 multoties
896 1045 1109 1142 plures
1136 1046 1412 1145 congios
1445 1043 1733 1128 excedit3
1783 1042 1940 1117 hinc
1970 1043 2299 1130 inferunt,
2344 1043 2394 1118 fi
2411 1069 2578 1142 aqua
2597 1046 2665 1117 in
2693 1047 2765 1095 1et
2778 1044 2997 1158 ᾶῐίῦιὲἶῑτ

375 1141 638 1242 ipsamet
667 1166 832 1237 aqua
846 1141 1106 1240 pondus
1124 1150 1193 1215 &
1220 1144 1597 1242 gravitatem
1616 1141 1916 1228 haberet,
1961 1142 2303 1219 neceffario
2347 1145 2668 1218 Urinato·
2692 1122 2985 1237 {iniiam

373 1265 480 1314 res
511 1242 1142 1339 comprimerentura
1156 1241 1334 1316 vasto
1361 1239 1648 1342 pondere
1677 1267 1861 1338 aquae
1894 1244 2330 1318 incumbentis
2356 1243 2539 1341 super
2553 1267 2666 1315 eo·
2692 1235 2927 1349 ἓξὲξ·

377 1362 537 1414 rum
558 1336 897 1426 humeros,
941 1339 1157 1415 immo
1173 1365 1291 1415 nec
1304 1339 1506 1439 poffet
1534 1340 1790 1439 pondus
1803 1360 1938 1414 tam
1951 1342 2200 1417 vastum
2217 1346 2255 1418 a
2274 1342 2522 1416 viribus
2542 1338 2660 1415 hu·
2688 1364 2931 1437 unqato-

376 1435 915 1525 manissustineri,
957 1438 1226 1536 quando
1239 1437 1634 1514 videmusab
1650 1442 1951 1531 Homine
1964 1440 2238 1514 robusto
2257 1442 2472 1513 minus
2498 1463 2666 1540 pon·
2691 1440 2978 1556 &⁰33⁶OE

380 1536 513 1612 dus
549 1534 831 1610 sustineri
852 1563 987 1612 non
1014 1537 1226 1640 poffe3
1280 1563 1437 1613 cum
1458 1558 1617 1638 ergo
1631 1538 2018 1635 experientia
2038 1536 2267 1612 doceat
2278 1541 2668 1611 Urinatores
2693 1567 2824 1620 aquae
2840 1552 2946 1626 im,

379 1638 454 1711 in
481 1633 696 1711 fundo
720 1660 912 1733 aquae
938 1642 1316 1740 gravitatem
1348 1640 1589 1712 nullam
1618 1637 1947 1736 percipere
1972 1686 1997 1723 ‚
2043 1636 2249 1736 igitur
2286 1658 2519 1709 verum
2535 1659 2671 1707 non
2700 1613 2989 1744 {2ssssss

373 1734 506 1822 est,
554 1760 787 1832 aquam
803 1737 872 1808 in
900 1738 1027 1837 ipsa
1057 1762 1219 1834 aqua
1242 1738 1623 1815 collocatam
1659 1734 1974 1836 gravitate
1986 1785 2011 1822 ,
2054 1733 2273 1811 immo
2310 1735 2377 1808 in
2406 1733 2675 1835 proprio
2705 1754 2915 1855 ‘sugent

369 1837 638 1933 loconil
667 1833 1348 1936 prorsiisponderabit.
2568 1882 2575 1889 ·
2727 1818 2790 1856 ω
2916 1839 2931 1855 ’

467 1937 656 2010 Huic
665 1935 917 2036 vulgari
950 1932 1309 2011 difficultati
1326 1955 1402 2010 ut
1414 1933 1524 2010 fiat
1534 1933 1704 2020 satis,
1746 1933 2279 2034 praemittendum
2295 1932 2387 2008 est
2402 1983 2425 2020 ,
2481 1931 2672 2032 quod

369 2059 548 2133 aqua
567 2033 915 2133 inipsamet
942 2061 975 2108 a
1027 2060 1105 2108 ua
1136 2034 1516 2118 constituta,
1562 2036 1925 2134 pariterque
1941 2032 2287 2130 quodlibet
2309 2032 2676 2108 fluidumin

379 2134 503 2207 suo
522 2130 941 2233 homogeneo
978 2061 1377 2222 demersum,
1424 2158 1558 2206 non
1590 2135 1702 2206 :flia
1716 2132 1804 2206 de
1837 2132 2017 2206 causa
2036 2134 2342 2227 quiescit,
2386 2130 2505 2205 nifi
2526 2133 2681 2227 quia

376 2230 681 2328 undique
721 2235 1176 2329 comprimitur
1203 2237 1334 2331 pari
1365 2235 1432 2307 vi
1464 2236 1503 2306 ὲ
1543 2231 1853 2331 gravitate
1881 2231 2223 2301 ambientis
2263 2228 2505 2311 fluidi,
2575 2238 2683 2307 cui

371 2332 638 2433 propria
663 2334 968 2507 ςταέἰὲαῑε
979 2331 1237 2420 refistit,
1279 2351 1491 2430 utque
1518 2329 1652 2405 hoc
1674 2329 1903 2401 clarius
1919 2329 2343 2427 percipiatur,
2390 2324 2687 2403 ostende.

371 2456 524 2523 mus
549 2484 575 2521 ,
625 2457 768 2529 quo

838 2638 1842 2761 PRQPOSIJTID
1937 2641 2222 2712 XXII.

389 2824 674 2924 Corpora
704 2832 772 2895 in
795 2794 1050 2896 Bt'lance
1071 2820 1466 2923 aequilibrata
1495 2817 1636 2892 ideis
1685 2821 2013 2922 quiesbunt
2049 2828 2127 2903 ά·
2170 2838 2421 2918 torpent
2449 2816 2472 2901 '‚
2534 2826 2685 2916 qnia

481 2934 881 3025 gravitatem
918 2946 1217 3003 exercent
1257 2930 1883 3022 comprimunturque
1936 2917 2274 3021 equalibus
2310 2917 2568 2994 viribus
2602 2915 2687 2988 ab

491 3020 905 3097 ambientibus
926 3018 1287 3124 &orporibns
1297 3033 1545 3123 pariter
1572 3020 1999 3121 equilibratis.

487 3215 658 3292 Esto
686 3216 839 3293 libra
881 3224 1005 3294 AB
1052 3218 1386 3294 radiorum
1424 3219 1772 3321 aequalium
1796 3219 1864 3290 in
1884 3215 2022 3309 ejus
2034 3214 2282 3310 punc'to
2295 3203 2688 3284 intermedio
2758 3251 2897 3298 „a
2921 3251 2990 3298 Π,

385 3322 458 3395 C
505 3317 788 3417 suspensa
807 3367 831 3403 ‚
874 3340 1061 3416 atque
1089 3320 1310 3412 ineius
1340 3318 1859 3393 extremitatibus
1896 3362 1915 3391 ‚
1936 3312 2276 3404 -utrinque
2302 3326 2590 3405 quatuor
2602 3308 2688 3378 la·-
2780 3311 2880 3381 fiz-
2915 3325 2991 3362 10·

386 3418 603 3494 minas
611 3467 636 3504 ‚
686 3420 787 3493 vel
818 3419 1034 3494 lateres
1066 3422 1250 3516 aeque
1280 3416 1742 3518 ponderantes,
1790 3408 1913 3485 fibi
1950 3407 2188 3483 mutuo
2219 3407 2690 3492 incumbentes,

372 3539 835 3618 apponantur,
886 3516 1120 3594 scilicet
1163 3522 1333 3601 DE,
1379 3519 1527 3601 EF,
1552 3516 1673 3588 PG
1695 3562 1718 3598 ,
1747 3510 1937 3595 GH,
1982 3507 2169 3606 super
2190 3511 2289 3594 A,
2315 3503 2689 3582 &totidem

383 3622 524 3704 IK,
571 3622 734 3703 KL,
775 3622 945 3705 LM,
974 3623 1134 3695 MN
1179 3616 1732 3716 superterminum
1754 3615 1834 3684 Β.
1881 3604 2691 3709 Manifestumest‚aggre-

267 3800 322 3813 θ,
394 3738 712 3816 gammex
737 3720 990 3801 laminis
1031 3720 1179 3803 DH
1226 3714 1479 3790 ibidem
1510 3715 1771 3788 retineri
1783 3708 2212 3788 indifferentia
2228 3705 2548 3805 quadam,
2571 3730 2692 3779 nec

391 3813 849 3912 pellisursiim,
894 3837 1003 3891 aut
1022 3814 1369 3899 deorsum,
1413 3814 1815 3910 firmiterque
1846 3810 2038 3886 intali
2061 3806 2185 3882 situ
2215 3807 2573 3904 quiescere,
2617 3826 2693 3877 ut

394 3914 722 3995 nimirum
747 3916 799 3992 fi
821 3918 973 4016 quis
991 3914 1157 3993 infra
1181 3916 1444 3990 laterem
1469 3916 1604 3985 DE
1623 3915 1634 3923 ’
1651 3936 1922 3989 manum
1947 3910 2368 4012 supponeret,
2414 3899 2699 4071 minim}

1451 4017 1560 4096 (Ε
1613 4034 1651 4084 2
1672 4020 1703 4099 )
2574 4036 2583 4043 ·
2618 4022 2654 4073 a
