3692 4534
1595 170 1600 177 -
1992 150 2019 197 s

489 326 492 327 f
608 269 769 339 DE
809 266 998 338 Mo
1019 268 1151 339 TI
1168 271 1238 339 B.
1289 270 1477 340 NA
1500 273 1580 339 T.
1623 264 1668 339 ὲ
1709 274 2060 342 Gravitate
2096 273 2332 345 Fastis.
2418 311 2433 325 ·
2545 301 2610 374 33

308 395 541 478 locis»,
591 418 727 467 non
739 395 1052 493 gravitate
1060 419 1083 478 ς
1135 416 1211 467 ut
1230 395 1267 467 ὲ
1296 415 1518 469 contra
1543 445 1566 480 ,
1612 393 1882 490 quando
1903 398 1939 468 a
1963 398 2125 472 locis
2144 400 2533 473 naturalibus
2550 404 2639 475 se·
2659 400 2805 448 GAP·
2831 400 2927 447 ¹¹¹·
3072 380 3081 388 ’

302 513 560 590 parata
593 512 950 565 moventur
967 542 996 589 2
1039 514 1199 566 tunc
1221 496 1461 566 nullam
1497 497 1875 594 gravitatem
1905 520 2239 570 exerceant
2283 501 2463 595 super
2496 502 2639 573 alias
2667 562 2677 571 .
2710 496 2935 548 F¹¹¹1d²¹²¹¹
3092 544 3101 553 -

297 611 545 688 partes
581 589 876 680 eiusdem
889 594 1210 690 corporis,
1253 590 1617 687 quodlicet
1637 592 1930 667 videatur
1956 593 2388 692 paradoxum,
2416 597 2634 671 osten-
2664 557 2876 689 ffifltffie-

296 688 532 762 detur
550 687 985 763 nihilominus
1028 687 1145 762 hac
1177 693 1450 762 ratione.
1565 692 2033 788 concipiantur
2066 695 2287 809 primo
2320 695 2635 769 facilitatis
2659 683 2797 800 ἓξὲξ

294 790 539 885 gratia
554 784 697 859 duo
726 793 920 861 Lanae
932 787 1297 872 involucra,
1331 813 1542 862 unum
1570 789 1754 888 super
1771 792 2037 864 alterum
2057 840 2080 876 ,
2126 791 2510 890 impositum
2525 795 2626 868 su-

295 904 428 981 pra
444 888 725 981 planum
740 884 1141 982 subjefimm,
1162 906 1412 959 certum
1428 885 1518 959 est
1531 886 1900 985 supremum
1917 890 2347 986 comprimere
2360 934 2385 978 ‚
2405 894 2474 965 δε
2487 918 2633 992 gra·

296 984 606 1056 vitatem
623 1008 919 1057 exercere
930 985 1109 1082 supra
1119 983 1480 1075 subjeetum
1495 987 1909 1059 involuti-mn
1928 1037 1953 1072 ,
2001 985 2223 1061 &hoc
2238 988 2483 1065 constat
2495 992 2629 1064 sen·

297 1074 384 1152 su
397 1084 497 1154 ab
513 1079 791 1165 effectu,
842 1107 1047 1179 quem
1060 1082 1366 1181 producit
1378 1082 1639 1181 pondus
1665 1088 1856 1156 Lanae
1887 1088 2346 1169 incumbentiS,
2396 1090 2628 1163 scilicet

299 1204 396 1254 ex
410 1181 783 1254 inflexione
795 1231 819 1265 ,
847 1189 918 1254 δε
929 1205 1080 1254 com
1125 1178 1395 1255 reffione
1403 1183 1698 1256 Pilorum
1711 1181 2009 1274 subjedae
2023 1189 2214 1257 Lanae
2227 1234 2251 1269 ,
2263 1192 2329 1257 &
2348 1188 2386 1259 ὲ
2402 1209 2627 1261 contra

300 1279 592 1352 constat
618 1328 642 1363 ,
688 1278 954 1376 quando
980 1204 1205 1353 cadem
1236 1278 1377 1354 duo
1422 1284 1613 1353 Lanae
1643 1282 1970 1356 involucra
2014 1283 2466 1360 collateraliter
2498 1285 2625 1360 sese

300 1376 770 1477 contingunt,
810 1376 1350 1475 fulciunturquea
1372 1375 1663 1468 subjeeto
1674 1381 1867 1476 plano
1880 1428 1904 1464 ,
1933 1401 2090 1453 tunc
2101 1404 2312 1478 neque
2323 1385 2445 1457 Pili
2460 1386 2623 1458 lanei

2855 570 2949 610 t0·'

2818 699 2936 749 pon-

306 1477 726 1550 collaterales
744 1476 1192 1560 infleetuntun
1238 1499 1359 1549 nec
1373 1478 1926 1572 comprimuntur,
1970 1500 2300 1574 propterea
2323 1481 2517 1576 quod
2529 1487 2625 1556 ni·
2682 1548 2691 1553 -
2802 1503 2814 1513 ·

306 1577 434 1669 sus
462 1575 789 1674 gravitatis
810 1599 945 1649 non
958 1595 1296 1651 exercetur
1318 1575 1685 1657 lateraliter,
1730 1572 1841 1647 sed
1855 1571 2192 1647 deorsum.

426 1674 617 1747 Hinc
639 1674 1000 1775 colligitur,
1045 1672 1237 1772 quod
1265 1671 1809 1770 quotiescumque
1827 1674 2203 1770 supremum
2232 1674 2626 1750 Lanaeinvo-

309 1775 582 1849 lucrum
595 1824 621 1860 ,
907 1772 1270 1849 dionariter
1287 1770 1668 1846 incumbens
1679 1773 1865 1869 super
1878 1772 2147 1846 alterum
2160 1820 2184 1856 ,
2198 1769 2248 1845 fi
2262 1773 2473 1871 ipsum
2487 1798 2625 1850 non

309 1871 748 1948 fleaeoetnec
850 1876 868 1892 '
1110 1923 1132 1958 ,
1160 1870 1515 1969 tuncplane
1529 1866 1981 1946 affirmandum
1994 1869 2397 1946 effetLanam
2411 1876 2623 1976 super-

311 1969 646 2070 positam,
688 1973 925 2046 minim
985 1970 1523 2072 supersubjefflm
1549 1974 1790 2043 Lanam
1803 1971 2183 2071 gravitatem
2196 1994 2512 2048 exercere.
2619 1962 2628 1975 ’

423 2069 821 2169 Hispofitis,
869 2071 1237 2168 supremum
1255 2075 1448 2142 Lanae
1469 2070 1882 2143 involucrum
1902 2092 1978 2169 ap
2021 2071 2198 2144 licari
2298 2072 2621 2171 testsuper

320 2168 640 2243 infimum
654 2220 679 2255 ,
723 2169 888 2245 dum
912 2169 1046 2243 hoc
1072 2173 1220 2247 26:11
1386 2180 1599 2242 εει-ειη
1633 2189 1939 2240 movetur
2004 2167 2184 2241 escen
2234 2170 2411 2243 endo
2427 2170 2636 2244 deore

319 2266 476 2342 sum
487 2317 512 2352 ,
558 2270 664 2342 vel
685 2266 840 2343 dum
857 2270 1128 2366 quiescit
1139 2272 1178 2342 a
1255 2293 1380 2342 ano
1396 2266 1600 2340 stabili
1612 2261 1857 2338 fultum
1872 2291 1894 2349 ς
1943 2268 2013 2338 in
2027 2267 2242 2362 primo
2257 2271 2399 2339 msu
2414 2292 2621 2342 mem-
2748 2320 2755 2327 ‚

315 2364 704 2453 fistumest,
755 2368 948 2464 quod
976 2369 1310 2442 involucra
1337 2366 1612 2462 aequalia
1639 2363 1929 2455 ejusdem
1958 2368 2147 2438 Lanae
2177 2367 2452 2460 aequales
2477 2390 2619 2484 gra·

316 2464 450 2542 dus
484 2470 912 2542 velocitatum
941 2462 1216 2551 habent,
1261 2465 1504 2562 quibus
1539 2464 1901 2539 naturaliter
1927 2458 2357 2548 descendunt3
2410 2466 2616 2565 igitur

317 2567 700 2668 supremum
723 2567 1141 2641 involucrum
1155 2590 1292 2639 non
1320 2562 1664 2639 descendet
1689 2560 1993 2647 tardiori,
2020 2565 2141 2635 ·vel
2159 2563 2456 2637 celeriori
2471 2588 2619 2638 mo·-

324 2684 408 2739 tu
430 2668 638 2765 quim
669 2664 790 2743 fibi
821 2664 1222 2758 subjeetum,
1263 2660 1672 2759 proindeque
1714 2662 1943 2756 aequali
1970 2662 2307 2735 velocitate
2334 2662 2625 2760 suprema

327 2765 508 2838 Lana
522 2768 955 2866 comprimere
975 2785 1244 2838 conatur
1269 2759 1622 2854 subjeetum
1644 2766 1893 2835 Lanam
1912 2807 1936 2843 ,
1982 2784 2054 2832 ac
2073 2757 2187 2835 ista
2205 2761 2433 2832 nititur
2455 2758 2627 2833 effu·

519 2866 1043 2961 persequentem3
1093 2881 1559 2963 proptereaque
1572 2863 1633 2934 se
1648 2882 1888 2933 mutuo
1917 2856 2170 2958 placido
2200 2860 2506 2934 contaau
2519 2859 2622 2931 so-

335 2884 690 3037 ffimodo
719 2962 1201 3046 exosculantur,
1250 2984 1371 3035 nec
1387 2958 1666 3051 subjecta
1692 2960 2063 3036 inficetetur
2088 2980 2197 3037 aut
2223 2960 2619 3058 comprime-

336 3060 1111 3158 turasuperstanteLanaz
1159 3062 1403 3161 igitur,
1449 3059 1824 3156 exsuperius
1850 3057 2039 3133 dietis
2074 3060 2460 3134 incumbens
2490 3062 2619 3128 La·

331 3179 457 3244 ¹³³2
506 3162 717 3256 neque
729 3160 1012 3259 pondus,
1060 3184 1276 3257 neque
1294 3161 1671 3260 gravitatem
1698 3159 2024 3233 exercebit
2051 3158 2233 3253 snpra
2254 3156 2618 3254 fugientem

329 3258 959 3349 Lanamsubjeetam.
1049 3265 1132 3359 In
1153 3258 1436 3339 secundo
1448 3256 1614 3331 vero
1626 3256 1808 3339 casu,
1856 3254 1906 3327 fi
1923 3303 1945 3340 ,
1989 3252 2421 3351 postquamin
2435 3250 2622 3341 quie·

330 3375 401 3430 te
412 3353 704 3440 subjeeta
717 3362 884 3430 Lana
896 3359 1242 3456 compreffa
1257 3357 1395 3433 esta
1410 3353 2040 3453 superincumbente,
2088 3353 2304 3422 ambas
2317 3347 2615 3423 demitta-

322 3477 515 3540 mus,
545 3462 615 3529 &
628 3456 838 3533 libere
852 3455 1154 3535 deorsum
1167 3453 1548 3533 descendere
1560 3447 1993 3525 concedamus
2007 3498 2027 3533 ,
2048 3467 2221 3546 patet
2241 3464 2618 3521 easmotum

321 3551 660 3645 inchoare,
710 3556 982 3653 quando
1006 3558 1141 3649 jam
1173 3555 1483 3631 restrictae
1511 3561 1577 3626 δι
1608 3547 1974 3647 constipatae
2017 3548 2199 3631 sunt,
2244 3554 2314 3619 δι
2355 3544 2510 3621 ideo
2545 3545 2615 3617 in

321 3653 690 3753 progressu,
736 3654 898 3730 licet
922 3655 1184 3753 paribus
1208 3653 1655 3729 velocitatibus
1681 3647 2099 3733 descendant,
2135 3648 2501 3721 retinebunt
2529 3664 2621 3719 ta·

325 3773 484 3833 men
531 3752 806 3827 eandem
854 3752 1421 3853 constipationem,
1469 3774 1671 3848 quam
1712 3749 1886 3849 prius
1919 3746 2270 3831 habebant3
2320 3744 2432 3821 sed
2460 3740 2616 3819 hinc

326 3850 628 3925 nonlicet
650 3851 930 3937 inferre,
973 3854 1334 3952 supremam
1361 3851 1567 3929 lanam
1589 3898 1613 3933 ,
1656 3848 1820 3923 dum
1854 3861 2195 3928 movetur,
2238 3848 2615 3946 gravitatem

325 3970 622 4026 exercere
629 4000 659 4041 ,
707 3948 1376 4058 quiaillaconstipatio
1401 3972 1539 4019 non
1560 3946 1885 4049 dependet
1910 3947 1990 4023 ab
2019 3946 2272 4048 actione
2298 3939 2621 4051 gravitatis

1035 4096 1048 4103 -
1445 4053 1476 4132 (
1499 4052 1610 4135 E)
2130 4108 2134 4113 .
2534 4059 2631 4111 in·
